<?xml version="1.0" encoding="UTF-8"?>
<!DOCTYPE html PUBLIC "-//W3C//DTD XHTML 1.0 Transitional//EN"
    "http://www.w3.org/TR/xhtml1/DTD/xhtml1-transitional.dtd">
<html xmlns="http://www.w3.org/1999/xhtml" xml:lang="en" lang="en">
 <head>
  <title>
</title>
<meta http-equiv="Content-Type" content="text/html;charset=utf-8" />
  <meta name='ocr-system' content='tesseract 3.04.00' />
  <meta name='ocr-capabilities' content='ocr_page ocr_carea ocr_par ocr_line ocrx_word'/>
</head>
<body>
  <div class='ocr_page' id='page_1' title='image "./scholiagraeodyss01homeuoft/scholiagraeodyss01homeuoft_0076.png"; bbox 0 0 1907 3270; ppageno 0'>
   <div class='ocr_carea' id='block_1_1' title="bbox 219 135 1188 182">
    <p class='ocr_par' dir='ltr' id='par_1_1' title="bbox 219 135 1188 182">
     <span class='ocr_line' id='line_1_1' title="bbox 219 135 1188 182; baseline -0.001 0"><span class='ocrx_word' id='word_1_1' title='bbox 219 137 337 182; x_wconf 89' lang='lat' dir='ltr'>lxxii</span> <span class='ocrx_word' id='word_1_2' title='bbox 784 135 1188 182; x_wconf 83' lang='lat' dir='ltr'><strong>PRAEFATIO.</strong></span> 
     </span>
    </p>
   </div>
   <div class='ocr_carea' id='block_1_2' title="bbox 212 252 1740 1451">
    <p class='ocr_par' dir='ltr' id='par_1_2' title="bbox 216 252 1740 691">
     <span class='ocr_line' id='line_1_2' title="bbox 218 252 1740 312; baseline -0.001 -14"><span class='ocrx_word' id='word_1_3' title='bbox 218 253 290 299; x_wconf 89' lang='lat' dir='ltr'>his</span> <span class='ocrx_word' id='word_1_4' title='bbox 320 253 506 299; x_wconf 84' lang='lat' dir='ltr'>scholiis</span> <span class='ocrx_word' id='word_1_5' title='bbox 534 252 775 312; x_wconf 88' lang='lat' dir='ltr'>reperitur,</span> <span class='ocrx_word' id='word_1_6' title='bbox 802 254 1013 298; x_wconf 81' lang='lat' dir='ltr'>centenis</span> <span class='ocrx_word' id='word_1_7' title='bbox 1037 254 1084 297; x_wconf 92' lang='lat' dir='ltr'>in</span> <span class='ocrx_word' id='word_1_8' title='bbox 1109 252 1294 299; x_wconf 83' lang='lat' dir='ltr'><strong>scholiis</strong></span> <span class='ocrx_word' id='word_1_9' title='bbox 1326 258 1521 306; x_wconf 85' lang='lat' dir='ltr'>tacetur,</span> <span class='ocrx_word' id='word_1_10' title='bbox 1541 267 1740 311; x_wconf 89' lang='lat' dir='ltr'>quorum</span> 
     </span>
     <span class='ocr_line' id='line_1_3' title="bbox 218 327 1738 391; baseline -0.001 -17"><span class='ocrx_word' id='word_1_11' title='bbox 218 330 439 389; x_wconf 80' lang='lat' dir='ltr'>pleraque</span> <span class='ocrx_word' id='word_1_12' title='bbox 480 344 540 373; x_wconf 81' lang='lat' dir='ltr'>ex</span> <span class='ocrx_word' id='word_1_13' title='bbox 581 329 679 387; x_wconf 77' lang='lat' dir='ltr'>ejus</span> <span class='ocrx_word' id='word_1_14' title='bbox 717 328 835 374; x_wconf 84' lang='lat' dir='ltr'>libro</span> <span class='ocrx_word' id='word_1_15' title='bbox 877 328 976 390; x_wconf 79' lang='grc' dir='ltr'>περὶ</span> <span class='ocrx_word' id='word_1_16' title='bbox 1011 334 1086 381; x_wconf 73' lang='grc' dir='ltr'>τῆς</span> <span class='ocrx_word' id='word_1_17' title='bbox 1119 327 1429 391; x_wconf 75' lang='grc' dir='ltr'>Ἀριστάρχου</span> <span class='ocrx_word' id='word_1_18' title='bbox 1465 327 1738 389; x_wconf 76' lang='grc' dir='ltr'><em>διορθώσεως,</em></span> 
     </span>
     <span class='ocr_line' id='line_1_4' title="bbox 216 403 1740 464; baseline 0 -15"><span class='ocrx_word' id='word_1_19' title='bbox 216 405 307 450; x_wconf 81' lang='lat' dir='ltr'>alia</span> <span class='ocrx_word' id='word_1_20' title='bbox 331 420 390 449; x_wconf 86' lang='lat' dir='ltr'>ex</span> <span class='ocrx_word' id='word_1_21' title='bbox 411 403 805 464; x_wconf 82' lang='lat' dir='ltr'>Hypomnematis</span> <span class='ocrx_word' id='word_1_22' title='bbox 831 410 1051 463; x_wconf 83' lang='lat' dir='ltr'>excerpta</span> <span class='ocrx_word' id='word_1_23' title='bbox 1075 411 1185 449; x_wconf 89' lang='lat' dir='ltr'>sunt</span> <span class='ocrx_word' id='word_1_24' title='bbox 1202 411 1233 449; x_wconf 88' lang='lat'>⁰.</span> <span class='ocrx_word' id='word_1_25' title='bbox 1288 405 1458 463; x_wconf 82' lang='lat' dir='ltr'>Neque</span> <span class='ocrx_word' id='word_1_26' title='bbox 1480 403 1740 449; x_wconf 82' lang='lat' dir='ltr'>Herodiani</span> 
     </span>
     <span class='ocr_line' id='line_1_5' title="bbox 216 479 1738 541; baseline 0.001 -18"><span class='ocrx_word' id='word_1_27' title='bbox 216 480 417 524; x_wconf 90' lang='lat' dir='ltr'>nominis</span> <span class='ocrx_word' id='word_1_28' title='bbox 457 480 676 538; x_wconf 85' lang='lat' dir='ltr'>frequens</span> <span class='ocrx_word' id='word_1_29' title='bbox 722 481 900 525; x_wconf 82' lang='lat' dir='ltr'>mentio</span> <span class='ocrx_word' id='word_1_30' title='bbox 939 486 1010 524; x_wconf 88' lang='lat' dir='ltr'>est</span> <span class='ocrx_word' id='word_1_31' title='bbox 1050 481 1095 524; x_wconf 91' lang='lat' dir='ltr'>in</span> <span class='ocrx_word' id='word_1_32' title='bbox 1140 481 1372 540; x_wconf 85' lang='lat' dir='ltr'>excerptis</span> <span class='ocrx_word' id='word_1_33' title='bbox 1414 496 1472 525; x_wconf 84' lang='lat' dir='ltr'>ex</span> <span class='ocrx_word' id='word_1_34' title='bbox 1513 479 1738 541; x_wconf 80' lang='grc' dir='ltr'>προσῳδίᾳ</span> 
     </span>
     <span class='ocr_line' id='line_1_6' title="bbox 216 553 1740 615; baseline 0 -16"><span class='ocrx_word' id='word_1_35' title='bbox 216 553 503 614; x_wconf 72' lang='grc' dir='ltr'><em>Ὀδυσσειακῇ</em></span> <span class='ocrx_word' id='word_1_36' title='bbox 537 556 732 614; x_wconf 83' lang='lat' dir='ltr'>aliisque</span> <span class='ocrx_word' id='word_1_37' title='bbox 769 556 868 615; x_wconf 89' lang='lat' dir='ltr'>ejus</span> <span class='ocrx_word' id='word_1_38' title='bbox 904 557 1101 615; x_wconf 88' lang='lat' dir='ltr'>scriptis,</span> <span class='ocrx_word' id='word_1_39' title='bbox 1127 572 1324 615; x_wconf 89' lang='lat' dir='ltr'>quorum</span> <span class='ocrx_word' id='word_1_40' title='bbox 1361 556 1458 601; x_wconf 91' lang='lat' dir='ltr'>sola</span> <span class='ocrx_word' id='word_1_41' title='bbox 1493 558 1514 607; x_wconf 86' lang='grc' dir='ltr'>ἡ</span> <span class='ocrx_word' id='word_1_42' title='bbox 1549 556 1740 601; x_wconf 80' lang='grc' dir='ltr'>καθόλου</span> 
     </span>
     <span class='ocr_line' id='line_1_7' title="bbox 216 632 974 691; baseline -0.001 -15"><span class='ocrx_word' id='word_1_43' title='bbox 216 632 389 677; x_wconf 82' lang='lat' dir='ltr'>diserte</span> <span class='ocrx_word' id='word_1_44' title='bbox 414 638 702 677; x_wconf 84' lang='lat' dir='ltr'>memoratur</span> <span class='ocrx_word' id='word_1_45' title='bbox 727 647 768 691; x_wconf 84' lang='lat' dir='ltr'>p.</span> <span class='ocrx_word' id='word_1_46' title='bbox 788 637 885 690; x_wconf 84' lang='lat'><strong>496,</strong></span> <span class='ocrx_word' id='word_1_47' title='bbox 908 649 974 676; x_wconf 87' lang='lat'>20.</span> 
     </span>
    </p>

    <p class='ocr_par' dir='ltr' id='par_1_3' title="bbox 212 707 1740 1451">
     <span class='ocr_line' id='line_1_8' title="bbox 283 707 1740 768; baseline -0.001 -16"><span class='ocrx_word' id='word_1_48' title='bbox 283 707 540 767; x_wconf 89' lang='lat' dir='ltr'>Reliquum</span> <span class='ocrx_word' id='word_1_49' title='bbox 573 713 644 752; x_wconf 84' lang='lat' dir='ltr'>est</span> <span class='ocrx_word' id='word_1_50' title='bbox 676 713 729 751; x_wconf 91' lang='lat' dir='ltr'>ut</span> <span class='ocrx_word' id='word_1_51' title='bbox 754 707 881 752; x_wconf 88' lang='lat' dir='ltr'>Preli</span> <span class='ocrx_word' id='word_1_52' title='bbox 905 708 1181 753; x_wconf 80' lang='lat' dir='ltr'>Academici</span> <span class='ocrx_word' id='word_1_53' title='bbox 1214 708 1472 768; x_wconf 84' lang='lat' dir='ltr'>Delegatis,</span> <span class='ocrx_word' id='word_1_54' title='bbox 1496 708 1605 751; x_wconf 84' lang='lat' dir='ltr'>viris</span> <span class='ocrx_word' id='word_1_55' title='bbox 1634 707 1740 752; x_wconf 91' lang='lat' dir='ltr'>illu-</span> 
     </span>
     <span class='ocr_line' id='line_1_9' title="bbox 216 783 1738 842; baseline -0.001 -14"><span class='ocrx_word' id='word_1_56' title='bbox 216 783 386 828; x_wconf 87' lang='lat' dir='ltr'>stribus</span> <span class='ocrx_word' id='word_1_57' title='bbox 409 798 462 828; x_wconf 81' lang='lat' dir='ltr'>ac</span> <span class='ocrx_word' id='word_1_58' title='bbox 488 799 669 828; x_wconf 90' lang='lat' dir='ltr'>summe</span> <span class='ocrx_word' id='word_1_59' title='bbox 694 784 973 836; x_wconf 84' lang='lat' dir='ltr'>reverendis,</span> <span class='ocrx_word' id='word_1_60' title='bbox 999 784 1077 842; x_wconf 90' lang='lat' dir='ltr'>qui</span> <span class='ocrx_word' id='word_1_61' title='bbox 1102 783 1220 827; x_wconf 80' lang='lat' dir='ltr'>hanc</span> <span class='ocrx_word' id='word_1_62' title='bbox 1246 799 1433 842; x_wconf 88' lang='lat' dir='ltr'>quoque</span> <span class='ocrx_word' id='word_1_63' title='bbox 1463 783 1738 828; x_wconf 90' lang='lat' dir='ltr'>Homerico-</span> 
     </span>
     <span class='ocr_line' id='line_1_10' title="bbox 213 859 1739 919; baseline -0.001 -15"><span class='ocrx_word' id='word_1_64' title='bbox 213 874 319 904; x_wconf 87' lang='lat' dir='ltr'>rum</span> <span class='ocrx_word' id='word_1_65' title='bbox 354 860 634 904; x_wconf 86' lang='lat' dir='ltr'>scholiorum</span> <span class='ocrx_word' id='word_1_66' title='bbox 671 860 927 905; x_wconf 82' lang='lat' dir='ltr'>editionem</span> <span class='ocrx_word' id='word_1_67' title='bbox 962 860 1219 919; x_wconf 81' lang='lat' dir='ltr'>patrocinio</span> <span class='ocrx_word' id='word_1_68' title='bbox 1253 875 1335 904; x_wconf 90' lang='lat' dir='ltr'>suo</span> <span class='ocrx_word' id='word_1_69' title='bbox 1366 861 1556 919; x_wconf 81' lang='lat' dir='ltr'>dignam</span> <span class='ocrx_word' id='word_1_70' title='bbox 1592 859 1739 903; x_wconf 83' lang='lat' dir='ltr'>habu-</span> 
     </span>
     <span class='ocr_line' id='line_1_11' title="bbox 215 935 1739 995; baseline -0.001 -15"><span class='ocrx_word' id='word_1_71' title='bbox 215 942 367 989; x_wconf 89' lang='lat' dir='ltr'>erunt,</span> <span class='ocrx_word' id='word_1_72' title='bbox 407 937 576 981; x_wconf 83' lang='lat' dir='ltr'>debitae</span> <span class='ocrx_word' id='word_1_73' title='bbox 614 936 938 995; x_wconf 75' lang='lat' dir='ltr'>persolvantur</span> <span class='ocrx_word' id='word_1_74' title='bbox 976 936 1154 995; x_wconf 69' lang='lat' dir='ltr'>gratiae,</span> <span class='ocrx_word' id='word_1_75' title='bbox 1191 936 1511 995; x_wconf 84' lang='lat' dir='ltr'>imprimisque</span> <span class='ocrx_word' id='word_1_76' title='bbox 1547 935 1739 978; x_wconf 85' lang='lat' dir='ltr'>THOMAE</span> 
     </span>
     <span class='ocr_line' id='line_1_12' title="bbox 216 1010 1737 1070; baseline -0.001 -13"><span class='ocrx_word' id='word_1_77' title='bbox 216 1011 529 1063; x_wconf 75' lang='lat' dir='ltr'>GAISFORDIQ</span> <span class='ocrx_word' id='word_1_78' title='bbox 555 1012 686 1070; x_wconf 86' lang='lat' dir='ltr'>cujus</span> <span class='ocrx_word' id='word_1_79' title='bbox 710 1012 847 1055; x_wconf 89' lang='lat' dir='ltr'>unius</span> <span class='ocrx_word' id='word_1_80' title='bbox 873 1012 957 1055; x_wconf 85' lang='lat' dir='ltr'>viri</span> <span class='ocrx_word' id='word_1_81' title='bbox 986 1012 1152 1070; x_wconf 81' lang='lat' dir='ltr'>partim</span> <span class='ocrx_word' id='word_1_82' title='bbox 1181 1026 1319 1069; x_wconf 85' lang='lat' dir='ltr'>opera</span> <span class='ocrx_word' id='word_1_83' title='bbox 1351 1011 1519 1070; x_wconf 79' lang='lat' dir='ltr'>partin]</span> <span class='ocrx_word' id='word_1_84' title='bbox 1545 1010 1737 1056; x_wconf 90' lang='lat' dir='ltr'>consilio</span> 
     </span>
     <span class='ocr_line' id='line_1_13' title="bbox 215 1086 1737 1148; baseline 0.001 -16"><span class='ocrx_word' id='word_1_85' title='bbox 215 1089 420 1133; x_wconf 88' lang='lat' dir='ltr'>studium</span> <span class='ocrx_word' id='word_1_86' title='bbox 447 1088 860 1148; x_wconf 80' lang='lat' dir='ltr'>grammaticorum</span> <span class='ocrx_word' id='word_1_87' title='bbox 886 1086 1171 1141; x_wconf 69' lang='lat' dir='ltr'>Graecorum,</span> <span class='ocrx_word' id='word_1_88' title='bbox 1197 1088 1275 1146; x_wconf 88' lang='lat' dir='ltr'>qui</span> <span class='ocrx_word' id='word_1_89' title='bbox 1301 1092 1410 1132; x_wconf 87' lang='lat' dir='ltr'>sunt</span> <span class='ocrx_word' id='word_1_90' title='bbox 1433 1088 1737 1133; x_wconf 83' lang='lat' dir='ltr'>inexhaustus</span> 
     </span>
     <span class='ocr_line' id='line_1_14' title="bbox 215 1163 1737 1222; baseline 0 -15"><span class='ocrx_word' id='word_1_91' title='bbox 215 1164 531 1222; x_wconf 84' lang='lat' dir='ltr'>exquisitioris</span> <span class='ocrx_word' id='word_1_92' title='bbox 567 1164 786 1208; x_wconf 81' lang='lat' dir='ltr'>doctrinae</span> <span class='ocrx_word' id='word_1_93' title='bbox 823 1163 938 1214; x_wconf 88' lang='lat' dir='ltr'>fons,</span> <span class='ocrx_word' id='word_1_94' title='bbox 978 1165 1014 1208; x_wconf 91' lang='lat' dir='ltr'>si</span> <span class='ocrx_word' id='word_1_95' title='bbox 1048 1164 1149 1222; x_wconf 90' lang='lat' dir='ltr'>quis</span> <span class='ocrx_word' id='word_1_96' title='bbox 1190 1169 1317 1209; x_wconf 88' lang='lat' dir='ltr'>recte</span> <span class='ocrx_word' id='word_1_97' title='bbox 1352 1164 1407 1207; x_wconf 87' lang='lat' dir='ltr'>iis</span> <span class='ocrx_word' id='word_1_98' title='bbox 1441 1169 1489 1207; x_wconf 89' lang='lat' dir='ltr'>et</span> <span class='ocrx_word' id='word_1_99' title='bbox 1525 1178 1632 1208; x_wconf 89' lang='lat' dir='ltr'>cum</span> <span class='ocrx_word' id='word_1_100' title='bbox 1659 1164 1737 1222; x_wconf 86' lang='lat' dir='ltr'>ju-</span> 
     </span>
     <span class='ocr_line' id='line_1_15' title="bbox 214 1239 1736 1299; baseline -0.001 -15"><span class='ocrx_word' id='word_1_101' title='bbox 214 1240 335 1284; x_wconf 83' lang='lat' dir='ltr'>dicio</span> <span class='ocrx_word' id='word_1_102' title='bbox 360 1240 430 1284; x_wconf 91' lang='lat' dir='ltr'>uti</span> <span class='ocrx_word' id='word_1_103' title='bbox 457 1240 688 1292; x_wconf 90' lang='lat' dir='ltr'>didicerit,</span> <span class='ocrx_word' id='word_1_104' title='bbox 708 1245 839 1284; x_wconf 81' lang='lat' dir='ltr'>tanta</span> <span class='ocrx_word' id='word_1_105' title='bbox 864 1240 1126 1283; x_wconf 85' lang='lat' dir='ltr'>novissimis</span> <span class='ocrx_word' id='word_1_106' title='bbox 1150 1240 1222 1284; x_wconf 91' lang='lat' dir='ltr'>his</span> <span class='ocrx_word' id='word_1_107' title='bbox 1243 1240 1408 1299; x_wconf 85' lang='lat' dir='ltr'>viginti</span> <span class='ocrx_word' id='word_1_108' title='bbox 1433 1239 1565 1283; x_wconf 85' lang='lat' dir='ltr'>annis</span> <span class='ocrx_word' id='word_1_109' title='bbox 1589 1239 1736 1283; x_wconf 91' lang='lat' dir='ltr'>incre-</span> 
     </span>
     <span class='ocr_line' id='line_1_16' title="bbox 212 1315 1738 1375; baseline 0 -15"><span class='ocrx_word' id='word_1_110' title='bbox 212 1322 374 1360; x_wconf 84' lang='lat' dir='ltr'>menta</span> <span class='ocrx_word' id='word_1_111' title='bbox 408 1317 533 1375; x_wconf 90' lang='lat' dir='ltr'>cepit</span> <span class='ocrx_word' id='word_1_112' title='bbox 558 1321 733 1374; x_wconf 79' lang='lat' dir='ltr'>quanta</span> <span class='ocrx_word' id='word_1_113' title='bbox 763 1331 855 1359; x_wconf 91' lang='lat' dir='ltr'>non</span> <span class='ocrx_word' id='word_1_114' title='bbox 891 1321 999 1359; x_wconf 90' lang='lat' dir='ltr'>sunt</span> <span class='ocrx_word' id='word_1_115' title='bbox 1031 1315 1089 1360; x_wconf 82' lang='lat' dir='ltr'>ab</span> <span class='ocrx_word' id='word_1_116' title='bbox 1118 1316 1208 1360; x_wconf 86' lang='lat' dir='ltr'>alio</span> <span class='ocrx_word' id='word_1_117' title='bbox 1232 1330 1467 1374; x_wconf 81' lang='lat' dir='ltr'>quoquam</span> <span class='ocrx_word' id='word_1_118' title='bbox 1498 1316 1622 1360; x_wconf 86' lang='lat' dir='ltr'>intra</span> <span class='ocrx_word' id='word_1_119' title='bbox 1655 1330 1738 1374; x_wconf 84' lang='lat' dir='ltr'>par</span> 
     </span>
     <span class='ocr_line' id='line_1_17' title="bbox 214 1390 1522 1451; baseline -0.002 -15"><span class='ocrx_word' id='word_1_120' title='bbox 214 1392 437 1451; x_wconf 88' lang='lat' dir='ltr'>temporis</span> <span class='ocrx_word' id='word_1_121' title='bbox 462 1392 665 1450; x_wconf 81' lang='lat' dir='ltr'>spatium</span> <span class='ocrx_word' id='word_1_122' title='bbox 689 1392 737 1435; x_wconf 87' lang='lat' dir='ltr'>in</span> <span class='ocrx_word' id='word_1_123' title='bbox 763 1405 1062 1435; x_wconf 89' lang='lat' dir='ltr'>communem</span> <span class='ocrx_word' id='word_1_124' title='bbox 1087 1390 1343 1436; x_wconf 83' lang='lat' dir='ltr'>utilitatem</span> <span class='ocrx_word' id='word_1_125' title='bbox 1369 1390 1522 1435; x_wconf 81' lang='lat' dir='ltr'>allata.</span> 
     </span>
    </p>
   </div>
   <div class='ocr_carea' id='block_1_3' title="bbox 213 1497 1733 1546">
    <p class='ocr_par' dir='ltr' id='par_1_4' title="bbox 213 1497 1733 1546">
     <span class='ocr_line' id='line_1_18' title="bbox 213 1497 1733 1546; baseline 0 -12"><span class='ocrx_word' id='word_1_126' title='bbox 213 1508 247 1546; x_wconf 84' lang='lat'>5.</span> <span class='ocrx_word' id='word_1_127' title='bbox 265 1511 311 1535; x_wconf 83' lang='lat' dir='ltr'>ex</span> <span class='ocrx_word' id='word_1_128' title='bbox 333 1511 437 1534; x_wconf 87' lang='lat' dir='ltr'>more</span> <span class='ocrx_word' id='word_1_129' title='bbox 466 1499 643 1546; x_wconf 82' lang='lat' dir='ltr'>loquendi</span> <span class='ocrx_word' id='word_1_130' title='bbox 672 1498 920 1534; x_wconf 83' lang='lat' dir='ltr'>recentiorum</span> <span class='ocrx_word' id='word_1_131' title='bbox 951 1498 1295 1545; x_wconf 82' lang='lat' dir='ltr'>grammaticorum,</span> <span class='ocrx_word' id='word_1_132' title='bbox 1319 1497 1364 1533; x_wconf 89' lang='lat' dir='ltr'>de</span> <span class='ocrx_word' id='word_1_133' title='bbox 1392 1509 1465 1544; x_wconf 91' lang='lat' dir='ltr'>quo</span> <span class='ocrx_word' id='word_1_134' title='bbox 1486 1497 1579 1533; x_wconf 84' lang='lat' dir='ltr'>dixit</span> <span class='ocrx_word' id='word_1_135' title='bbox 1600 1497 1733 1534; x_wconf 85' lang='lat' dir='ltr'>Lehrs.</span> 
     </span>
    </p>
   </div>
   <div class='ocr_carea' id='block_1_4' title="bbox 212 1562 1732 1738">
    <p class='ocr_par' dir='ltr' id='par_1_5' title="bbox 212 1562 1732 1738">
     <span class='ocr_line' id='line_1_19' title="bbox 212 1562 652 1610; baseline 0 -12"><span class='ocrx_word' id='word_1_136' title='bbox 212 1563 260 1598; x_wconf 82' lang='lat' dir='ltr'>ad</span> <span class='ocrx_word' id='word_1_137' title='bbox 281 1562 486 1599; x_wconf 79' lang='lat' dir='ltr'>Herodian.</span> <span class='ocrx_word' id='word_1_138' title='bbox 508 1575 542 1609; x_wconf 91' lang='lat' dir='ltr'>p.</span> <span class='ocrx_word' id='word_1_139' title='bbox 559 1570 652 1610; x_wconf 78' lang='lat'><strong>425.</strong></span> 
     </span>
     <span class='ocr_line' id='line_1_20' title="bbox 269 1624 1732 1673; baseline 0 -12"><span class='ocrx_word' id='word_1_140' title='bbox 269 1633 287 1651; x_wconf 92' lang='lat'>0</span> <span class='ocrx_word' id='word_1_141' title='bbox 318 1626 512 1673; x_wconf 82' lang='lat' dir='ltr'>Excerpta</span> <span class='ocrx_word' id='word_1_142' title='bbox 541 1638 585 1661; x_wconf 82' lang='lat' dir='ltr'>ex</span> <span class='ocrx_word' id='word_1_143' title='bbox 613 1625 778 1673; x_wconf 86' lang='lat' dir='ltr'>Didymo</span> <span class='ocrx_word' id='word_1_144' title='bbox 808 1625 1020 1672; x_wconf 87' lang='lat' dir='ltr'>nuperrime</span> <span class='ocrx_word' id='word_1_145' title='bbox 1046 1625 1257 1672; x_wconf 83' lang='lat' dir='ltr'>composuit</span> <span class='ocrx_word' id='word_1_146' title='bbox 1277 1625 1333 1660; x_wconf 85' lang='lat' dir='ltr'>M.</span> <span class='ocrx_word' id='word_1_147' title='bbox 1352 1624 1583 1661; x_wconf 83' lang='lat' dir='ltr'>Schmidtius</span> <span class='ocrx_word' id='word_1_148' title='bbox 1609 1624 1647 1661; x_wconf 88' lang='lat' dir='ltr'>in</span> <span class='ocrx_word' id='word_1_149' title='bbox 1666 1626 1732 1661; x_wconf 93' lang='lat' dir='ltr'>Di-</span> 
     </span>
     <span class='ocr_line' id='line_1_21' title="bbox 215 1688 1148 1738; baseline -0.002 -12"><span class='ocrx_word' id='word_1_150' title='bbox 215 1690 316 1738; x_wconf 80' lang='lat' dir='ltr'>dymi</span> <span class='ocrx_word' id='word_1_151' title='bbox 338 1689 576 1726; x_wconf 87' lang='lat' dir='ltr'>Chalcenteri</span> <span class='ocrx_word' id='word_1_152' title='bbox 596 1689 836 1736; x_wconf 80' lang='lat' dir='ltr'>Fragmentis</span> <span class='ocrx_word' id='word_1_153' title='bbox 856 1702 891 1736; x_wconf 88' lang='lat' dir='ltr'>p.</span> <span class='ocrx_word' id='word_1_154' title='bbox 912 1688 1078 1735; x_wconf 82' lang='lat'>183.—2</span> <span class='ocrx_word' id='word_1_155' title='bbox 1092 1700 1102 1723; x_wconf 88' lang='lat'>1</span> <span class='ocrx_word' id='word_1_156' title='bbox 1118 1701 1148 1724; x_wconf 86' lang='lat'>1.</span> 
     </span>
    </p>
   </div>
   <div class='ocr_carea' id='block_1_5' title="bbox 347 1976 773 2027">
    <p class='ocr_par' dir='ltr' id='par_1_6' title="bbox 347 1976 773 2027">
     <span class='ocr_line' id='line_1_22' title="bbox 347 1976 773 2027; baseline -0.002 -10"><span class='ocrx_word' id='word_1_157' title='bbox 347 1976 583 2017; x_wconf 80' lang='lat' dir='ltr'>Scribebam</span> <span class='ocrx_word' id='word_1_158' title='bbox 608 1976 773 2027; x_wconf 70' lang='lat' dir='ltr'>Lipsioe.</span> 
     </span>
    </p>
   </div>
  </div>
 </body>
</html>
