1917 3183
701 73 1110 120 PRAEFATIO.
1610 76 1666 117 vii

149 194 196 238 A
227 202 276 240 et
308 194 350 238 B
383 194 770 255 Argumentoque
806 195 1065 254 rhapsodiae
1105 194 1319 239 secundae
1354 193 1547 253 impleta
1583 201 1666 245 cst,

150 288 252 332 quae
280 287 441 332 margo
465 271 637 316 codicis
665 286 757 315 non
783 271 1011 330 capiebat.
1085 271 1211 315 Nam
1237 277 1397 316 textus
1422 277 1589 330 poetae,
1614 278 1669 314 ut

149 348 425 408 plerumque
457 349 555 392 fieri
591 348 784 401 solebat,
814 348 939 407 prius
972 348 1170 407 scriptus
1203 355 1316 400 crat,
1348 347 1478 392 nulla
1510 347 1668 392 habita

149 425 430 470 scholiorum
449 440 555 484 quae
581 425 878 484 postmodum
899 439 1140 469 accessura
1159 431 1290 468 erant
1309 425 1488 469 ratione
1508 439 1517 468 ε
1544 424 1669 468 unde

150 501 326 547 factum
361 508 425 554 ut,
454 501 565 545 licet
594 500 768 545 scholia
803 501 943 545 modo
977 500 1109 559 plura
1144 501 1282 544 modo
1314 501 1532 559 pauciora
1562 500 1668 550 sint,

150 584 308 624 tamen
334 578 432 623 fere
456 593 538 637 par
560 577 619 622 sit
644 578 868 636 cujusque
894 578 1070 636 paginae
1091 592 1306 621 versuum
1332 592 1553 621 numerus
1572 590 1670 633 41„

149 661 350 714 excepta
384 653 533 713 prima
568 654 735 714 pagina
761 653 857 709 (fol.
887 655 970 710 2²²),
996 669 1101 712 quae
1126 660 1196 697 est
1222 667 1438 697 versuum
1465 668 1540 713 39.
1613 652 1670 696 Iu

148 731 241 776 fine
265 737 426 776 textus
452 730 549 789 (fol.
577 732 700 790 150.)
728 731 773 774 hi
801 745 958 775 versus
996 730 1217 790 leguntur
1240 730 1298 774 ab
1328 730 1489 774 eadem
1527 744 1668 773 manu

149 809 322 867 scripti,

416 888 555 946 Φυγὼν
572 885 795 936 Ὀδυσσεὺς
820 883 882 930 τᾶν
905 883 1127 947 μαχησμόν
1146 885 1279 939 Ἰλίου,

415 967 561 1019 πλῆθος
587 961 766 1017 Κικόνων,
793 964 1046 1024 Λωτοφάγων
1071 962 1160 1013 τοὺς
1184 962 1330 1013 δόλους,

419 1039 637 1092 Κύκλωπος
660 1038 802 1086 δεινόν(1
825 1039 938 1100 όμμα
962 1046 1028 1086 τοῦ
1052 1038 1306 1102 βροτοκτόνου

415 1117 484 1172 τὴν
508 1116 808 1179 Λαιστρυγόνων
833 1116 1018 1176 ὠμότητα
1043 1115 1109 1162 καὶ
1135 1116 1286 1179 Κίρκης

417 1193 581 1256 τρόπους
605 1194 773 1250 ἀδήλους
797 1193 862 1240 καὶ
887 1195 1273 1256 μεμηχανευμένους,

410 1267 552 1316 ἸΑιδου
577 1269 619 1316 τὸ
644 1269 807 1332 φρικτὸν
831 1269 896 1316 καὶ
921 1270 984 1316 τὸν
1009 1272 1193 1333 Σειρήνων
1217 1270 1403 1331 φθόγγον,

419 1347 585 1411 σπείρας
609 1370 651 1394 τε
676 1348 854 1400 πλεκτὰς
879 1348 944 1394 καὶ
970 1349 1214 1411 Χαρύβδεως
1240 1349 1385 1410 στόμα,

419 1425 605 1482 Σκύλλης
629 1426 673 1471 τό
698 1424 812 1471 &cmlv
836 1425 901 1471 καὶ
926 1426 1057 1481 βίαιον
1082 1428 1130 1478 ὦς
1154 1426 1248 1485 ἔφη,

420 1503 500 1549 υἱοῦ
523 1509 652 1565 χεροῖν
674 1504 849 1560 τέθνηκεν
873 1503 909 1549 ἕν
933 1510 983 1569 τῇ
1005 1504 1182 1567 πατρίδι.

206 1605 225 1634 d
247 1607 433 1644 Κύκλωπος
452 1608 737 1655 δεινὸν-Κίρκης
754 1609 916 1656 τρόπους]
938 1608 1022 1644 Hoc
1043 1610 1149 1643 δεινὸν
1169 1609 1353 1645 Κύκλωπος
1373 1615 1410 1644 et
1429 1611 1573 1655 τρόπους
1594 1610 1673 1654 Κίρ-

152 1687 208 1716 κης
228 1672 465 1708 scribendum
489 1672 598 1713 foret,
620 1672 691 1707 nisi
711 1685 840 1708 versus
864 1679 1082 1719 sequeretur
1101 1673 1213 1708 etiam
1234 1673 1396 1709 deterior
1408 1673 1517 1708 Ἅιδου
1536 1675 1574 1707 τὸ
1594 1675 1675 1719 φρι-

153 1738 230 1771 κτὸν
253 1738 304 1771 καὶ
330 1738 388 1770 τὸν
407 1736 567 1782 Σειρήνων
589 1737 754 1782 φθόγγον,
776 1736 839 1771 ubi
869 1738 921 1771 καὶ
945 1738 983 1771 τὸ
1007 1736 1169 1783 Σειρήνων
1193 1737 1298 1781 με’λος
1324 1737 1485 1773 Scribere
1514 1741 1675 1784 poterat,

154 1800 220 1836 sed
244 1800 333 1835 illud
353 1799 530 1847 praetulit,
552 1800 637 1847 quia
657 1801 812 1847 φθόγγον
831 1800 992 1847 Σειρήνων
1012 1801 1105 1836 dixit
1128 1800 1320 1836 Homerus
1343 1800 1416 1836 Od.
1440 1808 1488 1843 M,
1503 1813 1565 1847 41,
1589 1812 1674 1848 159.

152 1870 197 1903 Ψ.
221 1864 310 1911 326.
368 1864 455 1900 Duo
485 1863 698 1911 hujusmodi
719 1876 848 1900 versus
870 1863 1066 1912 Sophoclis
1095 1865 1252 1900 Electrae
1273 1865 1396 1900 versui
1423 1865 1548 1912 spurio
1571 1864 1674 1911 691..

153 1929 214 1976 qui
234 1928 314 1976 ipse
336 1940 483 1976 quoque
503 1940 550 1964 ex
570 1928 642 1964 hoc
662 1929 771 1964 metri
792 1941 929 1976 genere
951 1935 1019 1970 est,
1041 1929 1111 1964 nisi
1130 1930 1304 1965 πεντάεθλ’
1322 1929 1598 1977 corrigendum,

530 1993 661 2038 δρόμων
680 1993 823 2028 διαύλων
840 1993 998 2028 πένταθλ’
1013 1992 1034 2028 ἂ
1053 1995 1228 2039 νομίζεται,

153 2055 329 2104 adscripti
349 2062 435 2092 sunt
455 2055 492 2091 in
513 2056 640 2093 codice
660 2057 835 2093 Mediceo
856 2058 952 2094 inter
972 2058 1124 2099 scholia,

528 2120 631 2161 πένθ’,
652 2121 743 2166 ἇλμα
762 2123 879 2157 δίσκον
896 2123 1017 2157 ἄκοντα
1037 2123 1160 2169 δρόμον
1178 2124 1298 2167 πάλην,

531 2183 621 2218 ταῦτ’
637 2184 673 2218 ἐν
689 2187 746 2230 μιᾷ
765 2199 814 2221 τις
832 2184 999 2232 ἠγωνίζεθ’
1016 2185 1130 2233 ἡμέρᾳ,

154 2261 311 2296 quorum
339 2248 432 2284 alter
460 2249 497 2284 in
524 2248 651 2284 codice
678 2249 757 2285 sine
787 2249 1002 2285 elisionibus
1031 2250 1189 2298 scriptus
1217 2250 1564 2297 ταῦτα-ἠγωνίζετο,
1590 2250 1676 2285 licet

154 2313 234 2361 ipsa
258 2313 456 2349 verborum
485 2313 681 2349 collocatio
710 2320 832 2349 metro
862 2314 941 2349 haec
971 2314 1149 2351 adstricta
1176 2315 1291 2351 fuisse
1321 2321 1465 2363 arguat,
1496 2315 1533 2350 in
1564 2314 1676 2362 priori

154 2383 279 2413 autem
313 2383 400 2413 ante
428 2377 520 2422 ἅλμα
544 2377 651 2413 litera
678 2381 697 2412 ἔ
724 2378 877 2419 excidit,
904 2379 929 2413 i.
955 2391 988 2415 e.
1012 2379 1123 2420 πέντε,
1154 2380 1253 2427 quod
1283 2392 1355 2427 ego
1385 2379 1540 2415 restitui.
1600 2379 1674 2413 Im-

154 2442 320 2490 perfecto
350 2441 528 2488 ἠγωνίζετο
556 2442 674 2477 utitur
703 2443 980 2490 grammaticus,
1012 2443 1098 2491 quia
1130 2444 1207 2480 ludi
1241 2444 1290 2479 illi
1325 2444 1501 2479 celebrari
1532 2443 1675 2490 pridem

156 2508 356 2544 desierant.
416 2506 610 2542 Peritioris
630 2512 751 2554 poetae
773 2507 818 2543 de
839 2508 1076 2556 quinquertio
1097 2521 1225 2545 versus
1255 2509 1490 2545 memoriales
1517 2508 1678 2544 servavit

156 2570 356 2606 scholiasta
379 2569 547 2606 Platonis
567 2583 603 2618 p.
623 2571 686 2618 87.

532 2635 718 2672 πένταθλος
737 2635 834 2672 οὗτος
851 2638 921 2673 τοῖς
939 2637 1023 2673 νέοις
1042 2637 1176 2683 ἀγωνία,

532 2699 623 2743 πάλη
643 2700 798 2746 σι’γυννος
815 2700 906 2743 ἅλμα
925 2702 1040 2737 δίσκος
1059 2703 1111 2736 καὶ
1131 2703 1263 2747 δρόμος.

157 2762 274 2798 Fraus
307 2768 444 2807 autem,
478 2776 549 2810 qua
578 2763 652 2799 duo
685 2763 745 2799 isti
776 2765 935 2800 trimetri
967 2765 1116 2800 scholiis
1145 2765 1302 2801 vetustis
1335 2764 1554 2812 Sophocleis
1588 2764 1678 2799 illati

157 2834 257 2867 sunt,
275 2840 357 2862 cum
380 2827 487 2863 simili
509 2828 715 2875 comparari
735 2834 860 2876 potest
879 2841 995 2876 eaque
1016 2829 1134 2865 multo
1154 2829 1358 2877 insigniore
1379 2828 1676 2876 interpolatione,

160 2891 205 2927 de
222 2904 292 2938 qua
313 2891 389 2927 dixi
410 2891 447 2927 in
467 2898 595 2928 annot.
614 2892 659 2927 ad
681 2892 807 2928 Schol.
832 2893 959 2940 OEdip.
983 2893 1063 2928 Col.
1089 2905 1199 2940 ¹375-
1223 2907 1255 2941 p.
1274 2904 1335 2941 59.
1355 2894 1416 2928 60.
