1907 3270
196 135 281 177 278

198 233 340 294 φεύγει
378 230 443 277 καὶ
476 231 616 286 ἑαυτὴν
646 230 703 281 εἷς
734 231 804 287 την
835 231 1047 276 θάλασσαν
1083 230 1227 293 ῥίπτει.

196 309 344 372 τροφὴν
370 306 439 352 σὺν
463 312 517 370 τῷ
546 305 657 352 παιδὶ
691 307 839 352 ἰσοθέου
863 314 986 368 τιμῆς
1010 307 1151 370 ἔλαχε,
1177 307 1242 354 καὶ
1268 308 1321 354 τὰ
1345 307 1518 368 ὀνόματα
1540 308 1726 368 μετέβα-

762 134 1073 172 ΟΔΤΣΣΕΙΑΣ
1110 135 1156 172 Ε.

1276 231 1339 277 διὰ
1372 231 1412 277 δὲ
1440 231 1509 288 την
1532 231 1725 277 Διονύσου

197 394 263 429 λεν
298 386 322 440 ἡ
356 384 427 443 μὲν
463 383 659 429 Λευκοθέα
690 389 883 440 κληθεῖσα
925 384 989 429 διὰ
1026 383 1068 429 τὸ
1104 385 1237 446 φυγην
1276 389 1512 441 πεποιῆσθαι
1551 384 1616 429 διὰ
1657 389 1725 429 τοῦ

198 466 349 507 Λευκοῦ
384 459 516 505 πεδίου
548 466 620 516 τῆς
652 460 902 523 Μεγαρίδος,
928 462 946 506 ὁ
977 460 1015 506 δὲ
1051 460 1280 521 Παλαίμων
1311 460 1376 506 διὰ
1401 459 1445 506 το
1473 463 1726 521 συλλαμβά-

199 542 329 584 νεσθαι
355 543 438 588 τοῖς
462 536 680 581 παλαίουσι
707 536 812 581 κατὰ
836 538 1058 583 θάλασσαν.
1096 541 1309 583 Β.Ρ.Θ.Τ.

265 612 411 677 βροτὸς
443 613 668 670 αὐδήεσσα]
707 612 792 670 ἦτοι
826 612 1040 669 διαβόητος
1078 613 1141 659 διὰ
1173 613 1225 658 τὰ
1251 615 1483 673 συμβάντα,
1520 611 1544 670 ἢ
1575 610 1659 659 ἐπεὶ
1692 615 1729 659 οἱ

199 692 381 753 ἄνθρωποι
402 690 619 749 φωνήεντες
643 688 738 753 προς
756 689 808 735 τὰ
827 689 937 734 ἄλλα
957 696 1048 752 ζῷα.
1083 690 1281 746 οὐῧῆεσσα
1299 693 1322 748 ἡ
1344 689 1518 751 ε’πίγειός
1540 712 1649 736 ποτε.
1670 696 1724 735 V.

266 789 283 813 ο
324 767 395 827 μὲν
429 766 726 828 Ἀριστοφάνης
766 766 841 817 τὰς
877 766 1163 829 ἀνθρωποειδεῖς
1204 767 1294 818 θεὰς
1331 767 1563 823 αὗῧηεσσας
1601 765 1727 826 φησὶν

199 842 306 891 οἷονει
355 844 482 903 φωνην
528 842 837 903 μετειληφυιας,
881 864 898 888 ο
941 843 979 888 ῧε
1016 842 1306 906 Ἀριστοτέλης
1354 844 1572 900 ουῧήεσσαν
1613 844 1724 905 λέγει

200 919 349 967 οἱονει’
334 941 515 981 επιγειον.
553 941 672 971 ουτως
697 942 762 965 και
788 920 1045 980 Χαμαιλέων.
1085 924 1142 965 Η.
1148 925 1192 965 Ρ.
1198 924 1253 966 Θ.

266 1002 376 1061 φωνῇ
404 996 612 1060 ἀνθρωπίνῃ
647 1018 842 1059 χρωμενη,
868 995 960 1041 ἀλλ’
987 992 1077 1058 οὖχι
1106 997 1204 1058 θείᾳ.
1251 995 1315 1041 &a
1349 995 1520 1056 σημείων
1550 996 1629 1059 γὰρ
1660 1017 1726 1042 και

201 1076 331 1121 οἰωνῶν
355 1072 421 1120 καὶ
456 1074 596 1137 ἱερείων
629 1073 695 1120 καὶ
725 1079 862 1120 θυσιῶν
886 1073 952 1120 καὶ
977 1074 1025 1119 δι’
1050 1073 1206 1137 ὀνείρων,
1232 1073 1300 1119 οὐκ
1323 1073 1455 1130 αὐδῆς,
1482 1074 1726 1135 φθέγγονται

202 1153 237 1198 οἶ
270 1150 359 1197 θεοί.
406 1149 473 1196 καὶ
502 1149 678 1211 ἐφετμαὶ
714 1149 848 1196 αὗται.

888 1158 913 1175 ι(
956 1151 966 1165 t
1017 1149 1025 1163 5
1094 1150 1103 1166 ³
1126 1148 1137 1165 N
1232 1150 1243 1167 Ι
1459 1147 1470 1164 Κ
1611 1157 1629 1166 ιν

929 1172 961 1196 οι
995 1151 1016 1196 ὃ
1059 1172 1136 1196 αιει
1166 1155 1355 1205 βουλοντο
1395 1154 1468 1196 θεοι
1500 1156 1726 1211 μεμνησθαι

202 1225 425 1288 ε’φετμέων”
453 1228 558 1283 (Od.
586 1227 618 1281 ὃ,
644 1230 779 1287 353.)‚
806 1233 877 1272 τῶν
901 1232 1129 1290 θεοπροπιῶν
1152 1228 1277 1288 λέγει.
1315 1232 1368 1272 Ε.

269 1310 384 1361 ζητεῖ
400 1303 704 1366 Ἀριστοτέλης,
728 1303 792 1348 διὰ
822 1303 869 1348 τί
895 1304 963 1360 την
989 1306 1170 1359 Καλυψὼ
1194 1301 1261 1349 καὶ
1290 1304 1358 1360 την
1393 1303 1539 1365 Κίρκην
1566 1301 1635 1349 καὶ
1659 1305 1728 1361 την

258 1455 292 1494 7.
332 1444 520 1490 αὐδήεσσα]
574 1443 637 1480 Sic
676 1457 807 1480 omnes
850 1449 936 1480 ante

200 1499 358 1534 Barnes.
373 1497 447 1544 qui,
469 1497 613 1532 nullum
636 1498 802 1533 codicem
821 1498 938 1545 (quod

201 1552 291 1587 alias
322 1551 430 1599 facit)
464 1550 621 1586 laudans
652 1551 819 1598 reposuit
848 1551 936 1594 οὐὸή-

201 1621 304 1640 εσσα.
354 1604 455 1639 Vera
484 1609 608 1639 autem
638 1612 695 1639 est
725 1604 937 1639 emendatio

203 1658 292 1705 (vid.
315 1662 395 1692 not.
418 1656 491 1703 sq.)
516 1657 587 1692 nisi
603 1658 713 1704 quod,
742 1662 782 1692 ut
806 1657 935 1693 obser-

202 1717 265 1746 vat
298 1712 399 1751 Ern.,
436 1709 675 1746 scribendum
705 1710 723 1754 ἢ
762 1711 935 1755 αὐδήεσσα.

201 1764 399 1801 BUTTM.
458 1764 621 1799 Restitui
641 1765 812 1807 οὐῧήεσσα.

256 1830 293 1866 9.
320 1817 514 1863 οὗδήεσσαν]
545 1817 648 1852 Libri
668 1817 868 1860 αὖὸἧεσσαν,
891 1817 936 1852 de

202 1884 275 1918 quo
296 1871 441 1906 Buttm.
493 1876 515 1889 “
534 1870 678 1906 lllirum
698 1871 735 1905 in
756 1870 937 1906 mendosa

200 1924 272 1959 hac
316 1924 501 1970 scriptura
538 1923 751 1971 conspirare
789 1924 937 1959 codices

203 1977 354 2020 H.P.Q.
385 1977 446 2013 hic
473 1983 511 2012 et
537 1989 626 2012 mox
656 1977 694 2011 in
727 1976 797 2012 alio
828 1977 938 2012 scho-

201 2031 251 2066 lio
281 2044 318 2077 p.
345 2041 434 2077 279,
456 2041 518 2075 4.;
550 2030 640 2065 item
679 2030 844 2076 Etymol.
879 2030 936 2066 M.

202 2097 240 2131 p.
265 2084 349 2131 169,
375 2096 383 2118 ι
403 2096 431 2119 1.
473 2083 607 2118 Veram
629 2089 754 2118 autem
776 2083 936 2130 scriptu-

203 2149 296 2176 ram,
318 2137 357 2171 in
382 2136 440 2172 his
467 2136 617 2171 scholiis
646 2136 836 2179 nimirum,
856 2148 939 2171 esse

203 2190 381 2232 οὐδήεσσαν
407 2196 488 2225 tum
517 2201 556 2224 re
585 2189 665 2235 ipsa
693 2194 797 2236 patet
813 2203 821 2230 ;
851 2201 939 2224 nam

204 2241 400 2288 explicatio
439 2244 583 2287 ἐπίγειος,
623 2243 673 2276 ἐπὶ
713 2244 772 2288 γῆς
808 2254 939 2276 vocem

206 2300 351 2341 spectat
389 2295 434 2330 ab
472 2292 562 2335 οἶδας
597 2294 820 2335 formatam3
857 2300 938 2329 tum

205 2347 422 2383 testimonio
455 2347 643 2383 Eustathii
668 2353 706 2382 et
736 2347 850 2383 schol.
882 2347 936 2382 H.

206 2400 253 2435 ad
273 2417 302 2442 κ,
331 2400 442 2448 136.’‘
500 2401 672 2447 Ineptam
694 2405 819 2436 autem
838 2401 939 2436 illam

207 2454 476 2490 correctionem
511 2454 673 2496 οὑδῆεσσα
705 2454 840 2490 merito
871 2466 940 2489 no-

206 2507 300 2542 tavit
320 2507 453 2543 Lehrs.
472 2506 586 2543 Arist.
607 2520 641 2554 p.
657 2515 720 2555 50.

266 2571 324 2604 13.
347 2559 448 2595 αὗται
470 2561 615 2595 Buttm.
636 2572 704 2607 pro
725 2558 838 2596 αὐταί.

268 2624 328 2658 14.
350 2612 456 2659 λε’-γει]
482 2613 542 2648 Cf.
564 2613 610 2648 ad
629 2617 659 2658 ζ,
683 2623 769 2660 125.
792 2614 940 2649 BUT'P.

268 2676 327 2713 15.
359 2665 569 2702 Turbatum
609 2678 690 2702 esse
728 2667 866 2713 aliquid
903 2667 941 2702 in

208 2720 280 2755 hoc
301 2719 442 2754 scholio
464 2720 520 2755 vel
542 2732 587 2754 ex
608 2732 652 2755 eo
673 2726 826 2766 apparet
843 2720 941 2767 quod

209 2785 285 2808 non
316 2772 405 2808 satis
435 2772 533 2807 clara
558 2772 642 2807 inde
673 2773 833 2820 emergit
854 2774 939 2808 Ari-

210 2826 355 2861 stotelis
383 2831 420 2861 et
446 2825 540 2861 ratio
570 2831 607 2860 et
635 2826 937 2872 argumentati03

211 2891 291 2925 quae
313 2884 353 2914 ut
373 2878 619 2926 conjectando
640 2878 720 2914 elici
749 2880 867 2926 possit
886 2879 941 2914 fa-

211 2932 309 2968 ciant
329 2932 487 2968 fortasse
507 2931 705 2968 varietates
734 2932 873 2968 codicis
893 2933 939 2969 E.

992 1444 1078 1479 Nos
1111 1444 1353 1479 observamus
1385 1443 1543 1480 Inonem
1578 1443 1728 1491 quidem

992 1510 1122 1533 revera
1142 1509 1187 1532 eo
1207 1497 1386 1544 epitheto,
1408 1497 1664 1544 qualecunque
1684 1498 1727 1533 il-

992 1550 1056 1586 lud
1077 1556 1147 1593 est,
1168 1550 1229 1585 hic
1258 1563 1334 1585 non
1355 1550 1546 1598 appellari.
1605 1551 1728 1587 Immo

994 1617 1077 1640 cum
1100 1604 1235 1639 dicitur
1261 1616 1343 1639 eam
1364 1604 1452 1639 olim
1477 1604 1593 1639 fuisse
1618 1605 1729 1651 βροτὲν

993 1657 1192 1700 αὐδήεσσαν,
1233 1657 1472 1692 manifestum
1512 1662 1578 1698 est,
1612 1669 1726 1698 nunc,

993 1710 1056 1745 ubi
1095 1710 1164 1745 dea
1203 1715 1271 1753 est,
1307 1710 1380 1745 hoc
1418 1710 1614 1757 epitheton
1652 1723 1728 1745 non

993 1763 1150 1811 amplius
1181 1763 1314 1799 cadere
1344 1763 1382 1798 in
1411 1763 1524 1798 illam.
1582 1763 1728 1799 Deinde

992 1829 1068 1852 non
1100 1816 1232 1852 tacebo
1256 1829 1387 1864 parum
1417 1816 1587 1852 sollertes
1616 1816 1729 1852 fuisse

991 1870 1181 1905 interdum
1201 1870 1239 1905 in
1259 1869 1514 1917 grammaticis
1533 1869 1592 1905 his
1608 1870 1728 1905 minu-

993 1923 1054 1958 tiis
1091 1923 1342 1970 antiquiores;
1388 1923 1451 1970 qui
1484 1923 1544 1958 hic
1579 1923 1728 1970 quidem

993 1982 1167 2012 naturam
1204 1976 1440 2012 formationis
1486 1976 1523 2011 in
1561 1992 1604 2017 εις
1645 1992 1730 2016 εντος

995 2042 1071 2064 non
1100 2034 1385 2076 perspexerunt,
1421 2041 1502 2076 quae
1536 2041 1729 2076 nunquam

996 2088 1194 2129 usurpatur
1220 2083 1290 2118 nisi
1323 2083 1369 2118 de
1401 2082 1445 2117 iis
1480 2095 1561 2129 quae
1593 2082 1730 2118 referta

995 2140 1081 2171 sunt
1115 2135 1238 2182 aliqua
1271 2148 1310 2170 re
1344 2140 1408 2170 aut
1441 2141 1614 2170 naturam
1648 2136 1730 2182 ejus

995 2188 1220 2224 induerunt:
1250 2193 1293 2223 ut
1320 2188 1379 2224 vel
1408 2200 1473 2235 per
1502 2188 1638 2235 linguae
1668 2201 1726 2223 ra-

995 2241 1136 2276 tionem
1170 2241 1248 2276 fieri
1282 2241 1392 2288 plane
1430 2254 1506 2276 non
1538 2241 1657 2287 possit
1689 2247 1730 2277 ut

994 2294 1167 2337 οὖῧῆεσσα,
1198 2295 1373 2337 αὖλήεσσα
1404 2295 1548 2330 dicatur
1578 2306 1622 2329 ea
1647 2307 1729 2341 quae

996 2348 1043 2382 sit
1072 2348 1108 2382 in
1135 2353 1246 2389 terra,
1267 2347 1304 2382 in
1323 2348 1420 2383 aula.
1479 2347 1729 2382 BIanifestum

996 2405 1053 2436 est
1081 2401 1205 2448 itaque
1230 2400 1330 2436 hunc
1355 2400 1504 2448 quidem
1535 2401 1580 2435 de
1611 2400 1729 2435 Inone

995 2453 1120 2489 locum
1158 2454 1394 2489 referendum
1434 2466 1515 2489 esse
1559 2453 1606 2488 ad
1643 2465 1729 2488 eum

995 2519 1103 2542 usum
1125 2507 1187 2554 qui
1206 2512 1263 2542 est
1282 2510 1311 2552 ζ,
1339 2515 1427 2555 125.
1452 2506 1515 2541 ubi
1535 2506 1729 2541 hominum

996 2560 1189 2607 epitheton
1218 2565 1275 2595 est
1301 2560 1437 2603 αὖδήεις,
1471 2559 1510 2595 h.
1533 2571 1566 2594 e.
1596 2560 1726 2606 μέροψ;

996 2613 1044 2650 cf.
1080 2613 1125 2648 Il.
1154 2629 1186 2654 τ,
1212 2621 1303 2661 407.
1336 2613 1382 2648 de
1413 2625 1508 2659 equo
1540 2612 1728 2659 loquente.

998 2666 1144 2702 Tamen
1173 2666 1235 2701 illa
1263 2666 1376 2702 etiam
1401 2666 1446 2701 de
1467 2665 1578 2700 Circa
1597 2670 1634 2700 et
1655 2666 1727 2700 Ca-

997 2719 1104 2767 lypso
1125 2719 1335 2767 explicatio,
1357 2718 1428 2754 dici
1452 2731 1514 2754 eas
1542 2718 1605 2758 ita,
1628 2718 1729 2765 quod

997 2773 1055 2808 hae
1087 2773 1236 2820 quidem
1269 2773 1347 2808 deae
1381 2772 1469 2807 solae
1499 2771 1664 2806 humana
1692 2776 1729 2806 et

997 2831 1130 2862 natura
1149 2833 1187 2861 et
1212 2838 1302 2862 voce
1331 2830 1496 2865 utantur,
1517 2836 1594 2859 non
1621 2824 1729 2859 satis-

996 2879 1106 2919 facit;
1142 2891 1263 2926 neque
1301 2878 1431 2914 dubito
1470 2877 1557 2925 quin
1595 2876 1633 2912 in
1672 2877 1729 2912 his

998 2932 1146 2980 quidem
1177 2932 1369 2979 epitheton
1397 2931 1469 2967 hoc
1495 2934 1638 2978 spectet
1663 2942 1729 2966 vo-

1741 559 1760 594 5

1746 942 1792 966 10

1747 1323 1790 1361 15
