<?xml version="1.0" encoding="UTF-8"?>
<!DOCTYPE html PUBLIC "-//W3C//DTD XHTML 1.0 Transitional//EN"
    "http://www.w3.org/TR/xhtml1/DTD/xhtml1-transitional.dtd">
<html xmlns="http://www.w3.org/1999/xhtml" xml:lang="en" lang="en">
 <head>
  <title>
</title>
<meta http-equiv="Content-Type" content="text/html;charset=utf-8" />
  <meta name='ocr-system' content='tesseract 3.04.00' />
  <meta name='ocr-capabilities' content='ocr_page ocr_carea ocr_par ocr_line ocrx_word'/>
</head>
<body>
  <div class='ocr_page' id='page_1' title='image "./scholiagraeodyss01homeuoft/scholiagraeodyss01homeuoft_0070.png"; bbox 0 0 1907 3270; ppageno 0'>
   <div class='ocr_carea' id='block_1_1' title="bbox 227 116 1192 164">
    <p class='ocr_par' dir='ltr' id='par_1_1' title="bbox 227 116 1192 164">
     <span class='ocr_line' id='line_1_1' title="bbox 227 116 1192 164; baseline 0.002 -2"><span class='ocrx_word' id='word_1_1' title='bbox 227 116 323 163; x_wconf 85' lang='lat' dir='ltr'>lxvi</span> <span class='ocrx_word' id='word_1_2' title='bbox 785 116 1192 164; x_wconf 83' lang='lat' dir='ltr'>PRAEFATIO.</span> 
     </span>
    </p>
   </div>
   <div class='ocr_carea' id='block_1_2' title="bbox 226 229 1749 582">
    <p class='ocr_par' dir='ltr' id='par_1_2' title="bbox 296 229 1157 289">
     <span class='ocr_line' id='line_1_2' title="bbox 296 229 1157 289; baseline 0.001 -14"><span class='ocrx_word' id='word_1_3' title='bbox 296 231 351 276; x_wconf 92' lang='lat' dir='ltr'>P.</span> <span class='ocrx_word' id='word_1_4' title='bbox 377 234 472 289; x_wconf 86' lang='lat'><em>658,</em></span> <span class='ocrx_word' id='word_1_5' title='bbox 500 236 539 275; x_wconf 89' lang='lat'>6.</span> <span class='ocrx_word' id='word_1_6' title='bbox 576 232 617 287; x_wconf 83' lang='grc' dir='ltr'>ἡ]</span> <span class='ocrx_word' id='word_1_7' title='bbox 649 230 812 276; x_wconf 80' lang='lat' dir='ltr'>Scribe</span> <span class='ocrx_word' id='word_1_8' title='bbox 837 233 859 283; x_wconf 85' lang='grc' dir='ltr'><strong><em>ἡ</em></strong></span> <span class='ocrx_word' id='word_1_9' title='bbox 885 229 928 276; x_wconf 86' lang='grc' dir='ltr'>δὲ</span> <span class='ocrx_word' id='word_1_10' title='bbox 952 246 1011 276; x_wconf 86' lang='lat' dir='ltr'>ex</span> <span class='ocrx_word' id='word_1_11' title='bbox 1037 231 1157 276; x_wconf 90' lang='lat' dir='ltr'>O.V.</span> 
     </span>
    </p>

    <p class='ocr_par' dir='ltr' id='par_1_3' title="bbox 226 306 1749 582">
     <span class='ocr_line' id='line_1_3' title="bbox 295 306 1749 365; baseline 0.001 -13"><span class='ocrx_word' id='word_1_12' title='bbox 295 307 349 352; x_wconf 91' lang='lat' dir='ltr'>P.</span> <span class='ocrx_word' id='word_1_13' title='bbox 376 313 471 365; x_wconf 85' lang='lat'><strong>659,</strong></span> <span class='ocrx_word' id='word_1_14' title='bbox 497 325 560 353; x_wconf 91' lang='lat'>10.</span> <span class='ocrx_word' id='word_1_15' title='bbox 598 306 760 352; x_wconf 82' lang='lat' dir='ltr'>Habet</span> <span class='ocrx_word' id='word_1_16' title='bbox 780 306 904 352; x_wconf 91' lang='lat' dir='ltr'>O.V.</span> <span class='ocrx_word' id='word_1_17' title='bbox 1062 313 1127 353; x_wconf 88' lang='lat'>16.</span> <span class='ocrx_word' id='word_1_18' title='bbox 1154 307 1447 355; x_wconf 83' lang='lat' dir='ltr'>Glossemata</span> <span class='ocrx_word' id='word_1_19' title='bbox 1471 310 1529 355; x_wconf 84' lang='lat' dir='ltr'>ad</span> <span class='ocrx_word' id='word_1_20' title='bbox 1554 308 1749 355; x_wconf 79' lang='grc' dir='ltr'>ἄναλτον</span> 
     </span>
     <span class='ocr_line' id='line_1_4' title="bbox 229 381 1749 447; baseline 0.001 -19"><span class='ocrx_word' id='word_1_21' title='bbox 229 383 289 441; x_wconf 84' lang='lat' dir='ltr'>(V.</span> <span class='ocrx_word' id='word_1_22' title='bbox 319 386 434 443; x_wconf 83' lang='lat'>113.)</span> <span class='ocrx_word' id='word_1_23' title='bbox 460 384 713 445; x_wconf 81' lang='grc' dir='ltr'>ἀκόρεστον.</span> <span class='ocrx_word' id='word_1_24' title='bbox 751 390 801 429; x_wconf 72' lang='lat' dir='ltr'>et</span> <span class='ocrx_word' id='word_1_25' title='bbox 833 381 1044 445; x_wconf 77' lang='grc' dir='ltr'>ἀνάξομεν</span> <span class='ocrx_word' id='word_1_26' title='bbox 1069 385 1131 443; x_wconf 87' lang='lat' dir='ltr'>(V.</span> <span class='ocrx_word' id='word_1_27' title='bbox 1155 387 1269 444; x_wconf 89' lang='lat'>114.)</span> <span class='ocrx_word' id='word_1_28' title='bbox 1295 386 1528 447; x_wconf 75' lang='grc' dir='ltr'>ἀναχθῆναι</span> <span class='ocrx_word' id='word_1_29' title='bbox 1566 389 1749 438; x_wconf 81' lang='grc' dir='ltr'>ποιήσο-</span> 
     </span>
     <span class='ocr_line' id='line_1_5' title="bbox 226 458 1749 522; baseline 0.002 -18"><span class='ocrx_word' id='word_1_30' title='bbox 226 479 316 512; x_wconf 85' lang='grc' dir='ltr'>μεν.</span> <span class='ocrx_word' id='word_1_31' title='bbox 347 466 396 505; x_wconf 90' lang='lat' dir='ltr'>et</span> <span class='ocrx_word' id='word_1_32' title='bbox 431 458 712 522; x_wconf 79' lang='grc' dir='ltr'>ἀεκαζόμενος</span> <span class='ocrx_word' id='word_1_33' title='bbox 749 462 810 520; x_wconf 90' lang='lat' dir='ltr'>(v.</span> <span class='ocrx_word' id='word_1_34' title='bbox 841 462 955 520; x_wconf 83' lang='lat'>135.)</span> <span class='ocrx_word' id='word_1_35' title='bbox 981 460 1038 513; x_wconf 79' lang='grc' dir='ltr'>μὴ</span> <span class='ocrx_word' id='word_1_36' title='bbox 1065 460 1198 505; x_wconf 86' lang='grc' dir='ltr'>Θέλων</span> <span class='ocrx_word' id='word_1_37' title='bbox 1230 477 1257 507; x_wconf 86' lang='lat' dir='ltr'>a</span> <span class='ocrx_word' id='word_1_38' title='bbox 1289 477 1350 507; x_wconf 90' lang='lat' dir='ltr'>m.</span> <span class='ocrx_word' id='word_1_39' title='bbox 1375 463 1634 508; x_wconf 80' lang='lat' dir='ltr'>recentiore</span> <span class='ocrx_word' id='word_1_40' title='bbox 1668 462 1749 507; x_wconf 87' lang='lat' dir='ltr'>ha-</span> 
     </span>
     <span class='ocr_line' id='line_1_6' title="bbox 226 535 388 582; baseline 0.012 -2"><span class='ocrx_word' id='word_1_41' title='bbox 226 535 307 581; x_wconf 92' lang='lat' dir='ltr'>bet</span> <span class='ocrx_word' id='word_1_42' title='bbox 331 537 388 582; x_wconf 90' lang='lat' dir='ltr'>O.</span> 
     </span>
    </p>
   </div>
   <div class='ocr_carea' id='block_1_3' title="bbox 225 612 1749 827">
    <p class='ocr_par' dir='ltr' id='par_1_4' title="bbox 225 612 1749 827">
     <span class='ocr_line' id='line_1_7' title="bbox 294 612 1746 671; baseline 0.001 -14"><span class='ocrx_word' id='word_1_43' title='bbox 294 612 347 657; x_wconf 87' lang='lat' dir='ltr'>P.</span> <span class='ocrx_word' id='word_1_44' title='bbox 368 618 464 671; x_wconf 90' lang='lat'><strong>669,</strong></span> <span class='ocrx_word' id='word_1_45' title='bbox 490 627 679 671; x_wconf 89' lang='lat'>17—21.</span> <span class='ocrx_word' id='word_1_46' title='bbox 701 613 942 659; x_wconf 68' lang='lat' dir='ltr'>‘Yvro&#39;Oecm</span> <span class='ocrx_word' id='word_1_47' title='bbox 965 614 1142 659; x_wconf 77' lang='lat' dir='ltr'>habent</span> <span class='ocrx_word' id='word_1_48' title='bbox 1168 613 1292 659; x_wconf 88' lang='lat' dir='ltr'>H.O.</span> <span class='ocrx_word' id='word_1_49' title='bbox 1467 628 1532 671; x_wconf 88' lang='lat'>17.</span> <span class='ocrx_word' id='word_1_50' title='bbox 1557 620 1746 658; x_wconf 82' lang='grc' dir='ltr'>ποιεῖται</span> 
     </span>
     <span class='ocr_line' id='line_1_8' title="bbox 225 688 1749 752; baseline 0 -18"><span class='ocrx_word' id='word_1_51' title='bbox 225 692 311 734; x_wconf 80' lang='grc' dir='ltr'>τῶν</span> <span class='ocrx_word' id='word_1_52' title='bbox 335 688 501 746; x_wconf 80' lang='grc' dir='ltr'>ὅπλων]</span> <span class='ocrx_word' id='word_1_53' title='bbox 532 693 617 734; x_wconf 79' lang='grc' dir='ltr'>τῶν</span> <span class='ocrx_word' id='word_1_54' title='bbox 642 689 789 734; x_wconf 83' lang='grc' dir='ltr'>ὅπλων</span> <span class='ocrx_word' id='word_1_55' title='bbox 814 696 1003 735; x_wconf 79' lang='grc' dir='ltr'>ποιεῖται</span> <span class='ocrx_word' id='word_1_56' title='bbox 1032 689 1155 735; x_wconf 87' lang='lat' dir='ltr'>H.().</span> <span class='ocrx_word' id='word_1_57' title='bbox 1329 695 1394 734; x_wconf 89' lang='lat'>18.</span> <span class='ocrx_word' id='word_1_58' title='bbox 1418 690 1749 752; x_wconf 82' lang='grc' dir='ltr'>ἐκ-ὑποκρῖνε-</span> 
     </span>
     <span class='ocr_line' id='line_1_9' title="bbox 225 764 1749 827; baseline 0.001 -18"><span class='ocrx_word' id='word_1_59' title='bbox 225 769 318 821; x_wconf 85' lang='grc' dir='ltr'>ται]</span> <span class='ocrx_word' id='word_1_60' title='bbox 351 765 463 827; x_wconf 74' lang='grc' dir='ltr'>φησὶ</span> <span class='ocrx_word' id='word_1_61' title='bbox 490 764 657 825; x_wconf 67' lang='grc' dir='ltr'>ψευδῶς</span> <span class='ocrx_word' id='word_1_62' title='bbox 681 765 723 809; x_wconf 82' lang='grc' dir='ltr'>ἐκ</span> <span class='ocrx_word' id='word_1_63' title='bbox 747 768 902 827; x_wconf 78' lang='grc' dir='ltr'>κρήτης</span> <span class='ocrx_word' id='word_1_64' title='bbox 926 764 1026 810; x_wconf 65' lang='grc' dir='ltr'>εἶναι</span> <span class='ocrx_word' id='word_1_65' title='bbox 1052 765 1109 811; x_wconf 85' lang='grc' dir='ltr'>Ο.</span> <span class='ocrx_word' id='word_1_66' title='bbox 1311 783 1379 811; x_wconf 90' lang='grc' dir='ltr'><strong>2Ι.</strong></span> <span class='ocrx_word' id='word_1_67' title='bbox 1408 765 1560 811; x_wconf 75' lang='lat' dir='ltr'>Addit</span> <span class='ocrx_word' id='word_1_68' title='bbox 1585 767 1642 811; x_wconf 88' lang='grc' dir='ltr'>Ο.</span> <span class='ocrx_word' id='word_1_69' title='bbox 1669 764 1749 810; x_wconf 74' lang='grc' dir='ltr'>ἅλ-</span> 
     </span>
    </p>
   </div>
   <div class='ocr_carea' id='block_1_4' title="bbox 221 839 1748 2407">
    <p class='ocr_par' dir='ltr' id='par_1_5' title="bbox 223 839 1748 1208">
     <span class='ocr_line' id='line_1_10' title="bbox 224 839 1748 903; baseline 0.001 -18"><span class='ocrx_word' id='word_1_70' title='bbox 224 845 323 890; x_wconf 83' lang='grc' dir='ltr'>λως.</span> <span class='ocrx_word' id='word_1_71' title='bbox 360 840 568 890; x_wconf 83' lang='grc' dir='ltr'>ὁδυσσέως</span> <span class='ocrx_word' id='word_1_72' title='bbox 602 845 687 886; x_wconf 81' lang='grc' dir='ltr'>τῶν</span> <span class='ocrx_word' id='word_1_73' title='bbox 718 841 865 886; x_wconf 83' lang='grc' dir='ltr'>ὅπλων</span> <span class='ocrx_word' id='word_1_74' title='bbox 895 839 1129 895; x_wconf 77' lang='grc' dir='ltr'>μετάθεσιν</span> <span class='ocrx_word' id='word_1_75' title='bbox 1156 842 1199 885; x_wconf 81' lang='grc' dir='ltr'>ἐκ</span> <span class='ocrx_word' id='word_1_76' title='bbox 1234 846 1313 887; x_wconf 79' lang='grc' dir='ltr'>τοῦ</span> <span class='ocrx_word' id='word_1_77' title='bbox 1344 842 1528 903; x_wconf 74' lang='grc' dir='ltr'>ξενῶνος,</span> <span class='ocrx_word' id='word_1_78' title='bbox 1553 843 1621 886; x_wconf 81' lang='grc' dir='ltr'>καὶ</span> <span class='ocrx_word' id='word_1_79' title='bbox 1653 843 1748 895; x_wconf 88' lang='grc' dir='ltr'>ὁμι-</span> 
     </span>
     <span class='ocr_line' id='line_1_11' title="bbox 224 917 1748 980; baseline 0 -19"><span class='ocrx_word' id='word_1_80' title='bbox 224 917 323 961; x_wconf 81' lang='grc' dir='ltr'>λίαν</span> <span class='ocrx_word' id='word_1_81' title='bbox 348 918 590 970; x_wconf 81' lang='grc' dir='ltr'>πηνελόπης</span> <span class='ocrx_word' id='word_1_82' title='bbox 613 917 679 961; x_wconf 78' lang='grc' dir='ltr'>καὶ</span> <span class='ocrx_word' id='word_1_83' title='bbox 707 918 882 979; x_wconf 82' lang='grc' dir='ltr'>νίπτρα.</span> <span class='ocrx_word' id='word_1_84' title='bbox 929 918 1031 966; x_wconf 82' lang='grc' dir='ltr'>τέως</span> <span class='ocrx_word' id='word_1_85' title='bbox 1056 919 1310 977; x_wconf 75' lang='grc' dir='ltr'>γινώσκεται</span> <span class='ocrx_word' id='word_1_86' title='bbox 1347 917 1429 962; x_wconf 78' lang='grc' dir='ltr'>ὑπὸ</span> <span class='ocrx_word' id='word_1_87' title='bbox 1460 923 1537 970; x_wconf 75' lang='grc' dir='ltr'>τῆς</span> <span class='ocrx_word' id='word_1_88' title='bbox 1571 921 1748 980; x_wconf 83' lang='grc' dir='ltr'>τροφοῦ</span> 
     </span>
     <span class='ocr_line' id='line_1_12' title="bbox 226 991 1746 1054; baseline 0.001 -17"><span class='ocrx_word' id='word_1_89' title='bbox 226 991 294 1037; x_wconf 71' lang='grc' dir='ltr'>διὰ</span> <span class='ocrx_word' id='word_1_90' title='bbox 319 999 394 1045; x_wconf 76' lang='grc' dir='ltr'>τῆς</span> <span class='ocrx_word' id='word_1_91' title='bbox 419 995 557 1045; x_wconf 75' lang='grc' dir='ltr'>οὐλῆς.</span> <span class='ocrx_word' id='word_1_92' title='bbox 749 1009 816 1051; x_wconf 83' lang='grc'><strong>25.</strong></span> <span class='ocrx_word' id='word_1_93' title='bbox 843 991 989 1038; x_wconf 78' lang='grc' dir='ltr'>ἐνθάδε</span> <span class='ocrx_word' id='word_1_94' title='bbox 1011 997 1149 1042; x_wconf 79' lang='grc' dir='ltr'>καλῶς</span> <span class='ocrx_word' id='word_1_95' title='bbox 1174 1001 1222 1038; x_wconf 86' lang='lat' dir='ltr'>et</span> <span class='ocrx_word' id='word_1_96' title='bbox 1246 994 1323 1039; x_wconf 84' lang='grc' dir='ltr'>ὅτε</span> <span class='ocrx_word' id='word_1_97' title='bbox 1349 995 1466 1054; x_wconf 83' lang='lat' dir='ltr'>(Sine</span> <span class='ocrx_word' id='word_1_98' title='bbox 1490 995 1578 1053; x_wconf 73' lang='grc' dir='ltr'>καὶ)</span> <span class='ocrx_word' id='word_1_99' title='bbox 1604 996 1746 1040; x_wconf 73' lang='lat' dir='ltr'>etiam</span> 
     </span>
     <span class='ocr_line' id='line_1_13' title="bbox 227 1068 1747 1130; baseline 0.001 -17"><span class='ocrx_word' id='word_1_100' title='bbox 227 1068 289 1113; x_wconf 90' lang='lat' dir='ltr'>O.</span> <span class='ocrx_word' id='word_1_101' title='bbox 349 1069 527 1114; x_wconf 82' lang='lat' dir='ltr'>Eadem</span> <span class='ocrx_word' id='word_1_102' title='bbox 554 1069 707 1122; x_wconf 86' lang='lat' dir='ltr'>verba,</span> <span class='ocrx_word' id='word_1_103' title='bbox 739 1069 933 1128; x_wconf 85' lang='lat' dir='ltr'>praefixo</span> <span class='ocrx_word' id='word_1_104' title='bbox 959 1068 1115 1122; x_wconf 75' lang='grc' dir='ltr'>ἄλλως,</span> <span class='ocrx_word' id='word_1_105' title='bbox 1141 1070 1283 1115; x_wconf 82' lang='lat' dir='ltr'>habet</span> <span class='ocrx_word' id='word_1_106' title='bbox 1309 1069 1369 1114; x_wconf 89' lang='lat' dir='ltr'>O.</span> <span class='ocrx_word' id='word_1_107' title='bbox 1395 1077 1500 1129; x_wconf 82' lang='lat' dir='ltr'>post</span> <span class='ocrx_word' id='word_1_108' title='bbox 1524 1071 1747 1130; x_wconf 83' lang='lat' dir='ltr'>proximae</span> 
     </span>
     <span class='ocr_line' id='line_1_14' title="bbox 223 1144 1619 1208; baseline 0.002 -20"><span class='ocrx_word' id='word_1_109' title='bbox 223 1144 477 1203; x_wconf 78' lang='lat' dir='ltr'>rhapsodiae</span> <span class='ocrx_word' id='word_1_110' title='bbox 501 1145 720 1198; x_wconf 80' lang='grc' dir='ltr'>ὑπόθεσιν,</span> <span class='ocrx_word' id='word_1_111' title='bbox 744 1146 824 1190; x_wconf 89' lang='lat' dir='ltr'>ubi</span> <span class='ocrx_word' id='word_1_112' title='bbox 850 1144 1055 1206; x_wconf 76' lang='grc' dir='ltr'>ἀνδρῶνος</span> <span class='ocrx_word' id='word_1_113' title='bbox 1079 1147 1301 1206; x_wconf 79' lang='lat' dir='ltr'>scriptum</span> <span class='ocrx_word' id='word_1_114' title='bbox 1327 1162 1410 1206; x_wconf 85' lang='lat' dir='ltr'>pro</span> <span class='ocrx_word' id='word_1_115' title='bbox 1434 1147 1619 1208; x_wconf 76' lang='grc' dir='ltr'>ξενῶνος.</span> 
     </span>
    </p>

    <p class='ocr_par' dir='ltr' id='par_1_6' title="bbox 222 1219 1746 1587">
     <span class='ocr_line' id='line_1_15' title="bbox 295 1219 1744 1281; baseline 0.002 -18"><span class='ocrx_word' id='word_1_116' title='bbox 295 1219 346 1263; x_wconf 90' lang='grc' dir='ltr'>Ρ.</span> <span class='ocrx_word' id='word_1_117' title='bbox 373 1226 468 1277; x_wconf 73' lang='lat'>670,</span> <span class='ocrx_word' id='word_1_118' title='bbox 494 1238 534 1275; x_wconf 80' lang='lat'>4.</span> <span class='ocrx_word' id='word_1_119' title='bbox 572 1219 681 1265; x_wconf 92' lang='lat' dir='ltr'>Hoc</span> <span class='ocrx_word' id='word_1_120' title='bbox 717 1221 923 1266; x_wconf 78' lang='lat' dir='ltr'>scholion</span> <span class='ocrx_word' id='word_1_121' title='bbox 950 1222 1159 1267; x_wconf 87' lang='lat' dir='ltr'>Crameri</span> <span class='ocrx_word' id='word_1_122' title='bbox 1195 1222 1333 1281; x_wconf 83' lang='lat' dir='ltr'>culpa</span> <span class='ocrx_word' id='word_1_123' title='bbox 1367 1238 1636 1281; x_wconf 79' lang='lat' dir='ltr'>perversum</span> <span class='ocrx_word' id='word_1_124' title='bbox 1661 1228 1744 1276; x_wconf 84' lang='lat' dir='ltr'>est,</span> 
     </span>
     <span class='ocr_line' id='line_1_16' title="bbox 224 1296 1746 1357; baseline 0.001 -17"><span class='ocrx_word' id='word_1_125' title='bbox 224 1297 302 1355; x_wconf 89' lang='lat' dir='ltr'>qui</span> <span class='ocrx_word' id='word_1_126' title='bbox 327 1296 443 1340; x_wconf 88' lang='lat' dir='ltr'>nihil</span> <span class='ocrx_word' id='word_1_127' title='bbox 468 1302 635 1355; x_wconf 81' lang='lat' dir='ltr'>praeter</span> <span class='ocrx_word' id='word_1_128' title='bbox 657 1296 811 1344; x_wconf 77' lang='grc' dir='ltr'>καλοὺς</span> <span class='ocrx_word' id='word_1_129' title='bbox 830 1297 1047 1357; x_wconf 82' lang='grc' dir='ltr'>στερίσκει</span> <span class='ocrx_word' id='word_1_130' title='bbox 1073 1313 1132 1342; x_wconf 87' lang='lat' dir='ltr'>ex</span> <span class='ocrx_word' id='word_1_131' title='bbox 1154 1296 1219 1341; x_wconf 91' lang='lat' dir='ltr'>H.</span> <span class='ocrx_word' id='word_1_132' title='bbox 1237 1303 1557 1343; x_wconf 81' lang='lat' dir='ltr'>annotaverat.</span> <span class='ocrx_word' id='word_1_133' title='bbox 1595 1297 1746 1343; x_wconf 83' lang='lat' dir='ltr'>Recte</span> 
     </span>
     <span class='ocr_line' id='line_1_17' title="bbox 222 1372 1745 1436; baseline 0.001 -18"><span class='ocrx_word' id='word_1_134' title='bbox 222 1374 272 1418; x_wconf 92' lang='lat' dir='ltr'>in</span> <span class='ocrx_word' id='word_1_135' title='bbox 308 1374 467 1419; x_wconf 91' lang='lat' dir='ltr'>codice</span> <span class='ocrx_word' id='word_1_136' title='bbox 506 1375 730 1433; x_wconf 83' lang='lat' dir='ltr'>scriptum</span> <span class='ocrx_word' id='word_1_137' title='bbox 766 1378 846 1420; x_wconf 83' lang='grc' dir='ltr'>τοῦ</span> <span class='ocrx_word' id='word_1_138' title='bbox 884 1372 1070 1423; x_wconf 80' lang='grc' dir='ltr'>κάλλους</span> <span class='ocrx_word' id='word_1_139' title='bbox 1111 1375 1345 1436; x_wconf 81' lang='grc' dir='ltr'>στερίσκει,</span> <span class='ocrx_word' id='word_1_140' title='bbox 1385 1375 1553 1434; x_wconf 87' lang='lat' dir='ltr'>quibus</span> <span class='ocrx_word' id='word_1_141' title='bbox 1593 1376 1745 1420; x_wconf 87' lang='lat' dir='ltr'>verbis</span> 
     </span>
     <span class='ocr_line' id='line_1_18' title="bbox 222 1449 1745 1512; baseline 0.003 -20"><span class='ocrx_word' id='word_1_142' title='bbox 222 1450 554 1509; x_wconf 83' lang='lat' dir='ltr'>grammaticus</span> <span class='ocrx_word' id='word_1_143' title='bbox 580 1450 773 1494; x_wconf 84' lang='lat' dir='ltr'>verbum</span> <span class='ocrx_word' id='word_1_144' title='bbox 807 1449 976 1512; x_wconf 80' lang='grc' dir='ltr'>ἀμέρδει</span> <span class='ocrx_word' id='word_1_145' title='bbox 1013 1450 1231 1509; x_wconf 82' lang='lat' dir='ltr'>explicat,</span> <span class='ocrx_word' id='word_1_146' title='bbox 1258 1452 1330 1496; x_wconf 89' lang='lat' dir='ltr'>cui</span> <span class='ocrx_word' id='word_1_147' title='bbox 1366 1457 1590 1510; x_wconf 83' lang='lat' dir='ltr'>praeterea</span> <span class='ocrx_word' id='word_1_148' title='bbox 1624 1451 1745 1511; x_wconf 85' lang='lat' dir='ltr'>glos-</span> 
     </span>
     <span class='ocr_line' id='line_1_19' title="bbox 223 1524 1562 1587; baseline 0 -17"><span class='ocrx_word' id='word_1_149' title='bbox 223 1540 351 1571; x_wconf 84' lang='lat' dir='ltr'>sema</span> <span class='ocrx_word' id='word_1_150' title='bbox 374 1526 660 1584; x_wconf 81' lang='lat' dir='ltr'>adscriptum</span> <span class='ocrx_word' id='word_1_151' title='bbox 686 1531 757 1570; x_wconf 84' lang='lat' dir='ltr'>est</span> <span class='ocrx_word' id='word_1_152' title='bbox 782 1524 997 1587; x_wconf 78' lang='grc' dir='ltr'>ἀφανίζει.</span> <span class='ocrx_word' id='word_1_153' title='bbox 1136 1543 1202 1585; x_wconf 80' lang='lat'>23.</span> <span class='ocrx_word' id='word_1_154' title='bbox 1229 1525 1339 1582; x_wconf 76' lang='grc' dir='ltr'>οὐδὲ]</span> <span class='ocrx_word' id='word_1_155' title='bbox 1372 1528 1471 1571; x_wconf 72' lang='grc' dir='ltr'>οὔτε</span> <span class='ocrx_word' id='word_1_156' title='bbox 1495 1525 1562 1571; x_wconf 91' lang='lat' dir='ltr'>H.</span> 
     </span>
    </p>

    <p class='ocr_par' dir='ltr' id='par_1_7' title="bbox 222 1602 1744 1737">
     <span class='ocr_line' id='line_1_20' title="bbox 290 1602 1744 1662; baseline 0.001 -17"><span class='ocrx_word' id='word_1_157' title='bbox 290 1602 343 1647; x_wconf 88' lang='lat' dir='ltr'>P.</span> <span class='ocrx_word' id='word_1_158' title='bbox 370 1607 466 1658; x_wconf 78' lang='lat'>672,</span> <span class='ocrx_word' id='word_1_159' title='bbox 491 1616 555 1658; x_wconf 93' lang='lat'>17.</span> <span class='ocrx_word' id='word_1_160' title='bbox 581 1602 804 1646; x_wconf 82' lang='grc' dir='ltr'>συνεπόθει</span> <span class='ocrx_word' id='word_1_161' title='bbox 834 1608 905 1647; x_wconf 82' lang='lat' dir='ltr'>est</span> <span class='ocrx_word' id='word_1_162' title='bbox 929 1603 1122 1647; x_wconf 82' lang='lat' dir='ltr'>fortasse</span> <span class='ocrx_word' id='word_1_163' title='bbox 1155 1618 1281 1647; x_wconf 85' lang='lat' dir='ltr'>error</span> <span class='ocrx_word' id='word_1_164' title='bbox 1305 1603 1623 1662; x_wconf 79' lang='lat' dir='ltr'>typotheticus</span> <span class='ocrx_word' id='word_1_165' title='bbox 1648 1603 1744 1647; x_wconf 89' lang='lat' dir='ltr'>edi-</span> 
     </span>
     <span class='ocr_line' id='line_1_21' title="bbox 222 1677 1742 1737; baseline -0.001 -13"><span class='ocrx_word' id='word_1_166' title='bbox 222 1679 363 1724; x_wconf 80' lang='lat' dir='ltr'>tionis</span> <span class='ocrx_word' id='word_1_167' title='bbox 384 1679 745 1723; x_wconf 76' lang='lat' dir='ltr'>Mediolanensis</span> <span class='ocrx_word' id='word_1_168' title='bbox 770 1694 851 1737; x_wconf 87' lang='lat' dir='ltr'>pro</span> <span class='ocrx_word' id='word_1_169' title='bbox 878 1677 1119 1732; x_wconf 82' lang='grc' dir='ltr'>σννεπάθει,</span> <span class='ocrx_word' id='word_1_170' title='bbox 1136 1680 1260 1737; x_wconf 90' lang='lat' dir='ltr'>quod</span> <span class='ocrx_word' id='word_1_171' title='bbox 1281 1679 1495 1723; x_wconf 84' lang='lat' dir='ltr'>Struvius</span> <span class='ocrx_word' id='word_1_172' title='bbox 1519 1679 1742 1724; x_wconf 83' lang='lat' dir='ltr'>restit-uit.</span> 
     </span>
    </p>

    <p class='ocr_par' dir='ltr' id='par_1_8' title="bbox 287 1752 1610 1812">
     <span class='ocr_line' id='line_1_22' title="bbox 287 1752 1610 1812; baseline -0.001 -13"><span class='ocrx_word' id='word_1_173' title='bbox 287 1755 342 1799; x_wconf 91' lang='lat' dir='ltr'>P.</span> <span class='ocrx_word' id='word_1_174' title='bbox 369 1759 467 1812; x_wconf 86' lang='lat'><strong>675,</strong></span> <span class='ocrx_word' id='word_1_175' title='bbox 496 1771 534 1801; x_wconf 92' lang='grc'><strong>2.</strong></span> <span class='ocrx_word' id='word_1_176' title='bbox 568 1754 625 1798; x_wconf 92' lang='lat' dir='ltr'>In</span> <span class='ocrx_word' id='word_1_177' title='bbox 652 1752 717 1798; x_wconf 95' lang='lat' dir='ltr'>H.</span> <span class='ocrx_word' id='word_1_178' title='bbox 742 1769 835 1799; x_wconf 89' lang='lat' dir='ltr'>non</span> <span class='ocrx_word' id='word_1_179' title='bbox 861 1752 999 1807; x_wconf 66' lang='grc' dir='ltr'>ταλαῗ,</span> <span class='ocrx_word' id='word_1_180' title='bbox 1025 1755 1104 1799; x_wconf 83' lang='lat' dir='ltr'>sed</span> <span class='ocrx_word' id='word_1_181' title='bbox 1128 1759 1252 1799; x_wconf 83' lang='grc' dir='ltr'>ταλω</span> <span class='ocrx_word' id='word_1_182' title='bbox 1276 1756 1374 1799; x_wconf 83' lang='lat' dir='ltr'>sine</span> <span class='ocrx_word' id='word_1_183' title='bbox 1398 1760 1610 1800; x_wconf 84' lang='lat' dir='ltr'>accentu.</span> 
     </span>
    </p>

    <p class='ocr_par' dir='ltr' id='par_1_9' title="bbox 221 1827 1744 2028">
     <span class='ocr_line' id='line_1_23' title="bbox 288 1827 1741 1889; baseline 0.001 -15"><span class='ocrx_word' id='word_1_184' title='bbox 288 1831 343 1875; x_wconf 85' lang='lat' dir='ltr'>P.</span> <span class='ocrx_word' id='word_1_185' title='bbox 370 1835 468 1887; x_wconf 86' lang='lat'><strong>676,</strong></span> <span class='ocrx_word' id='word_1_186' title='bbox 496 1847 563 1876; x_wconf 89' lang='lat'>22.</span> <span class='ocrx_word' id='word_1_187' title='bbox 590 1827 869 1889; x_wconf 68' lang='grc' dir='ltr'>ψευδόμενοι]</span> <span class='ocrx_word' id='word_1_188' title='bbox 902 1831 944 1874; x_wconf 82' lang='grc' dir='ltr'>οἱ</span> <span class='ocrx_word' id='word_1_189' title='bbox 966 1828 1225 1888; x_wconf 66' lang='grc' dir='ltr'>ψευδόμενοι</span> <span class='ocrx_word' id='word_1_190' title='bbox 1255 1828 1315 1874; x_wconf 86' lang='lat' dir='ltr'>O.</span> <span class='ocrx_word' id='word_1_191' title='bbox 1340 1836 1485 1875; x_wconf 77' lang='lat' dir='ltr'>recte.</span> <span class='ocrx_word' id='word_1_192' title='bbox 1674 1844 1741 1888; x_wconf 90' lang='grc'>27.</span> 
     </span>
     <span class='ocr_line' id='line_1_24' title="bbox 222 1903 1744 1964; baseline 0 -13"><span class='ocrx_word' id='word_1_193' title='bbox 222 1906 340 1962; x_wconf 74' lang='grc' dir='ltr'>εἴσω]</span> <span class='ocrx_word' id='word_1_194' title='bbox 372 1905 511 1951; x_wconf 84' lang='lat' dir='ltr'>Adde</span> <span class='ocrx_word' id='word_1_195' title='bbox 544 1905 613 1949; x_wconf 82' lang='grc' dir='ltr'>καὶ</span> <span class='ocrx_word' id='word_1_196' title='bbox 648 1903 707 1949; x_wconf 80' lang='grc' dir='ltr'>τὰ</span> <span class='ocrx_word' id='word_1_197' title='bbox 731 1903 868 1949; x_wconf 81' lang='grc' dir='ltr'>λοιπὰ</span> <span class='ocrx_word' id='word_1_198' title='bbox 899 1903 1006 1956; x_wconf 72' lang='grc' dir='ltr'>δῆλα</span> <span class='ocrx_word' id='word_1_199' title='bbox 1043 1920 1102 1949; x_wconf 83' lang='lat' dir='ltr'>ex</span> <span class='ocrx_word' id='word_1_200' title='bbox 1141 1905 1215 1957; x_wconf 69' lang='lat' dir='ltr'>O„</span> <span class='ocrx_word' id='word_1_201' title='bbox 1242 1906 1322 1964; x_wconf 88' lang='lat' dir='ltr'>qui</span> <span class='ocrx_word' id='word_1_202' title='bbox 1354 1906 1442 1950; x_wconf 91' lang='lat' dir='ltr'>hoc</span> <span class='ocrx_word' id='word_1_203' title='bbox 1476 1906 1684 1951; x_wconf 85' lang='lat' dir='ltr'>scholion</span> <span class='ocrx_word' id='word_1_204' title='bbox 1717 1921 1744 1951; x_wconf 88' lang='lat' dir='ltr'>a</span> 
     </span>
     <span class='ocr_line' id='line_1_25' title="bbox 221 1982 750 2028; baseline -0.006 0"><span class='ocrx_word' id='word_1_205' title='bbox 221 1998 283 2028; x_wconf 90' lang='lat' dir='ltr'>m.</span> <span class='ocrx_word' id='word_1_206' title='bbox 308 1983 569 2028; x_wconf 77' lang='lat' dir='ltr'>recentiore</span> <span class='ocrx_word' id='word_1_207' title='bbox 592 1982 750 2026; x_wconf 81' lang='lat' dir='ltr'>habet.</span> 
     </span>
    </p>

    <p class='ocr_par' dir='ltr' id='par_1_10' title="bbox 288 2055 1705 2119">
     <span class='ocr_line' id='line_1_26' title="bbox 288 2055 1705 2119; baseline -0.001 -16"><span class='ocrx_word' id='word_1_208' title='bbox 288 2059 342 2103; x_wconf 89' lang='lat' dir='ltr'>P.</span> <span class='ocrx_word' id='word_1_209' title='bbox 363 2063 459 2115; x_wconf 85' lang='lat'>677,</span> <span class='ocrx_word' id='word_1_210' title='bbox 484 2075 524 2116; x_wconf 80' lang='lat'>3.</span> <span class='ocrx_word' id='word_1_211' title='bbox 561 2056 819 2117; x_wconf 78' lang='grc' dir='ltr'>παρέλαβον</span> <span class='ocrx_word' id='word_1_212' title='bbox 845 2055 905 2102; x_wconf 89' lang='lat' dir='ltr'>O.</span> <span class='ocrx_word' id='word_1_213' title='bbox 931 2063 984 2102; x_wconf 85' lang='lat' dir='ltr'>ut</span> <span class='ocrx_word' id='word_1_214' title='bbox 1009 2073 1095 2118; x_wconf 83' lang='lat' dir='ltr'>ego</span> <span class='ocrx_word' id='word_1_215' title='bbox 1121 2059 1300 2102; x_wconf 83' lang='lat' dir='ltr'>correxi</span> <span class='ocrx_word' id='word_1_216' title='bbox 1327 2073 1407 2117; x_wconf 84' lang='lat' dir='ltr'>pro</span> <span class='ocrx_word' id='word_1_217' title='bbox 1432 2058 1705 2119; x_wconf 78' lang='grc' dir='ltr'>περιέλαβεν.</span> 
     </span>
    </p>

    <p class='ocr_par' dir='ltr' id='par_1_11' title="bbox 224 2131 1739 2269">
     <span class='ocr_line' id='line_1_27' title="bbox 288 2131 1739 2194; baseline 0 -15"><span class='ocrx_word' id='word_1_218' title='bbox 288 2134 342 2179; x_wconf 88' lang='lat' dir='ltr'>P.</span> <span class='ocrx_word' id='word_1_219' title='bbox 369 2138 465 2190; x_wconf 84' lang='lat'><em>678,</em></span> <span class='ocrx_word' id='word_1_220' title='bbox 495 2150 559 2176; x_wconf 87' lang='grc' dir='ltr'>ΙΙ.</span> <span class='ocrx_word' id='word_1_221' title='bbox 593 2133 650 2176; x_wconf 87' lang='lat' dir='ltr'>In</span> <span class='ocrx_word' id='word_1_222' title='bbox 686 2131 754 2176; x_wconf 90' lang='lat' dir='ltr'>H.</span> <span class='ocrx_word' id='word_1_223' title='bbox 796 2133 854 2176; x_wconf 79' lang='lat' dir='ltr'>ad</span> <span class='ocrx_word' id='word_1_224' title='bbox 890 2133 1032 2178; x_wconf 76' lang='lat' dir='ltr'>verba</span> <span class='ocrx_word' id='word_1_225' title='bbox 1071 2131 1149 2178; x_wconf 82' lang='grc' dir='ltr'>τὸν</span> <span class='ocrx_word' id='word_1_226' title='bbox 1188 2132 1223 2177; x_wconf 76' lang='grc' dir='ltr'>δ’</span> <span class='ocrx_word' id='word_1_227' title='bbox 1260 2134 1341 2194; x_wconf 75' lang='grc' dir='ltr'>οὐχ</span> <span class='ocrx_word' id='word_1_228' title='bbox 1376 2133 1637 2194; x_wconf 77' lang='grc' dir='ltr'>ὑποδέξομαι</span> <span class='ocrx_word' id='word_1_229' title='bbox 1676 2136 1739 2193; x_wconf 88' lang='lat' dir='ltr'>(v.</span> 
     </span>
     <span class='ocr_line' id='line_1_28' title="bbox 224 2206 1315 2269; baseline -0.001 -15"><span class='ocrx_word' id='word_1_230' title='bbox 224 2213 337 2269; x_wconf 85' lang='lat'>257.)</span> <span class='ocrx_word' id='word_1_231' title='bbox 364 2210 412 2253; x_wconf 90' lang='lat' dir='ltr'>in</span> <span class='ocrx_word' id='word_1_232' title='bbox 436 2208 646 2268; x_wconf 82' lang='lat' dir='ltr'>margine</span> <span class='ocrx_word' id='word_1_233' title='bbox 671 2225 744 2267; x_wconf 75' lang='grc' dir='ltr'>γρ.</span> <span class='ocrx_word' id='word_1_234' title='bbox 768 2206 885 2251; x_wconf 86' lang='grc' dir='ltr'>τόνδ’</span> <span class='ocrx_word' id='word_1_235' title='bbox 909 2207 1169 2268; x_wconf 77' lang='grc' dir='ltr'>ὑποδέξομαι</span> <span class='ocrx_word' id='word_1_236' title='bbox 1198 2209 1315 2269; x_wconf 83' lang='lat' dir='ltr'>(sic).</span> 
     </span>
    </p>

    <p class='ocr_par' dir='ltr' id='par_1_12' title="bbox 223 2281 1742 2407">
     <span class='ocr_line' id='line_1_29' title="bbox 290 2281 1742 2345; baseline 0.001 -15"><span class='ocrx_word' id='word_1_237' title='bbox 290 2285 343 2330; x_wconf 92' lang='lat' dir='ltr'>P.</span> <span class='ocrx_word' id='word_1_238' title='bbox 370 2290 468 2338; x_wconf 88' lang='lat'>680,</span> <span class='ocrx_word' id='word_1_239' title='bbox 495 2301 560 2330; x_wconf 87' lang='lat'>21.</span> <span class='ocrx_word' id='word_1_240' title='bbox 599 2281 708 2328; x_wconf 91' lang='lat' dir='ltr'>Hoc</span> <span class='ocrx_word' id='word_1_241' title='bbox 743 2283 951 2328; x_wconf 87' lang='lat' dir='ltr'>scholion</span> <span class='ocrx_word' id='word_1_242' title='bbox 977 2285 1117 2328; x_wconf 80' lang='lat' dir='ltr'>etiam</span> <span class='ocrx_word' id='word_1_243' title='bbox 1149 2286 1196 2328; x_wconf 91' lang='lat' dir='ltr'>in</span> <span class='ocrx_word' id='word_1_244' title='bbox 1222 2283 1282 2329; x_wconf 90' lang='lat' dir='ltr'>O.</span> <span class='ocrx_word' id='word_1_245' title='bbox 1303 2285 1350 2328; x_wconf 92' lang='lat' dir='ltr'>in</span> <span class='ocrx_word' id='word_1_246' title='bbox 1375 2285 1467 2329; x_wconf 91' lang='lat' dir='ltr'>fine</span> <span class='ocrx_word' id='word_1_247' title='bbox 1492 2285 1597 2330; x_wconf 83' lang='lat' dir='ltr'>libri</span> <span class='ocrx_word' id='word_1_248' title='bbox 1621 2287 1742 2345; x_wconf 87' lang='lat' dir='ltr'>posi-</span> 
     </span>
     <span class='ocr_line' id='line_1_30' title="bbox 223 2367 342 2407; baseline -0.017 0"><span class='ocrx_word' id='word_1_249' title='bbox 223 2367 342 2407; x_wconf 91' lang='lat' dir='ltr'>tum.</span> 
     </span>
    </p>
   </div>
   <div class='ocr_carea' id='block_1_5' title="bbox 221 2433 1742 2648">
    <p class='ocr_par' dir='ltr' id='par_1_13' title="bbox 221 2433 1742 2648">
     <span class='ocr_line' id='line_1_31' title="bbox 289 2433 1742 2494; baseline 0 -14"><span class='ocrx_word' id='word_1_250' title='bbox 289 2435 341 2480; x_wconf 87' lang='lat' dir='ltr'>P.</span> <span class='ocrx_word' id='word_1_251' title='bbox 368 2439 464 2494; x_wconf 83' lang='lat'>683,</span> <span class='ocrx_word' id='word_1_252' title='bbox 492 2452 529 2480; x_wconf 90' lang='lat'>2.</span> <span class='ocrx_word' id='word_1_253' title='bbox 553 2452 594 2490; x_wconf 87' lang='lat'>4.</span> <span class='ocrx_word' id='word_1_254' title='bbox 621 2433 805 2486; x_wconf 76' lang='grc' dir='ltr'>ἀμαλεὺς</span> <span class='ocrx_word' id='word_1_255' title='bbox 829 2435 971 2479; x_wconf 81' lang='lat' dir='ltr'>etiam</span> <span class='ocrx_word' id='word_1_256' title='bbox 997 2433 1057 2479; x_wconf 87' lang='lat' dir='ltr'>O.</span> <span class='ocrx_word' id='word_1_257' title='bbox 1237 2453 1301 2494; x_wconf 89' lang='lat'>19.</span> <span class='ocrx_word' id='word_1_258' title='bbox 1327 2435 1403 2481; x_wconf 94' lang='lat' dir='ltr'>De</span> <span class='ocrx_word' id='word_1_259' title='bbox 1426 2438 1614 2481; x_wconf 89' lang='lat' dir='ltr'>nomine</span> <span class='ocrx_word' id='word_1_260' title='bbox 1638 2434 1742 2480; x_wconf 89' lang='grc' dir='ltr'>Ἀν-</span> 
     </span>
     <span class='ocr_line' id='line_1_32' title="bbox 221 2509 1739 2571; baseline 0 -14"><span class='ocrx_word' id='word_1_261' title='bbox 221 2512 372 2571; x_wconf 80' lang='grc' dir='ltr'>τιόπῃ,</span> <span class='ocrx_word' id='word_1_262' title='bbox 397 2512 520 2570; x_wconf 86' lang='lat' dir='ltr'>quod</span> <span class='ocrx_word' id='word_1_263' title='bbox 557 2516 666 2555; x_wconf 82' lang='lat' dir='ltr'>ante</span> <span class='ocrx_word' id='word_1_264' title='bbox 695 2514 748 2569; x_wconf 78' lang='grc' dir='ltr'>τῇ</span> <span class='ocrx_word' id='word_1_265' title='bbox 773 2509 970 2558; x_wconf 79' lang='grc' dir='ltr'>Νυκτέως</span> <span class='ocrx_word' id='word_1_266' title='bbox 1003 2512 1192 2564; x_wconf 83' lang='lat' dir='ltr'>excidit,</span> <span class='ocrx_word' id='word_1_267' title='bbox 1225 2513 1322 2556; x_wconf 86' lang='lat' dir='ltr'>dixi</span> <span class='ocrx_word' id='word_1_268' title='bbox 1355 2527 1492 2571; x_wconf 83' lang='lat' dir='ltr'>supra</span> <span class='ocrx_word' id='word_1_269' title='bbox 1526 2528 1569 2571; x_wconf 91' lang='lat' dir='ltr'>p.</span> <span class='ocrx_word' id='word_1_270' title='bbox 1595 2512 1739 2557; x_wconf 84' lang='lat' dir='ltr'>xxvii.</span> 
     </span>
     <span class='ocr_line' id='line_1_33' title="bbox 224 2586 1739 2648; baseline -0.001 -15"><span class='ocrx_word' id='word_1_271' title='bbox 224 2605 291 2634; x_wconf 91' lang='lat'>21.</span> <span class='ocrx_word' id='word_1_272' title='bbox 315 2586 393 2632; x_wconf 82' lang='grc' dir='ltr'>τὸν</span> <span class='ocrx_word' id='word_1_273' title='bbox 418 2587 677 2646; x_wconf 72' lang='lat' dir='ltr'>typothetae</span> <span class='ocrx_word' id='word_1_274' title='bbox 703 2601 828 2630; x_wconf 87' lang='lat' dir='ltr'>error</span> <span class='ocrx_word' id='word_1_275' title='bbox 851 2602 932 2645; x_wconf 88' lang='lat' dir='ltr'>pro</span> <span class='ocrx_word' id='word_1_276' title='bbox 956 2590 1046 2631; x_wconf 81' lang='grc' dir='ltr'>τοῦ.</span> <span class='ocrx_word' id='word_1_277' title='bbox 1196 2604 1261 2646; x_wconf 85' lang='grc'><strong>29.</strong></span> <span class='ocrx_word' id='word_1_278' title='bbox 1290 2588 1558 2634; x_wconf 89' lang='lat' dir='ltr'>Delendum</span> <span class='ocrx_word' id='word_1_279' title='bbox 1582 2587 1739 2648; x_wconf 82' lang='grc' dir='ltr'>ὄρνεον,</span> 
     </span>
    </p>
   </div>
   <div class='ocr_carea' id='block_1_6' title="bbox 223 2662 1739 2798">
    <p class='ocr_par' dir='ltr' id='par_1_14' title="bbox 223 2662 1739 2798">
     <span class='ocr_line' id='line_1_34' title="bbox 223 2662 1291 2724; baseline -0.001 -15"><span class='ocrx_word' id='word_1_280' title='bbox 223 2664 348 2724; x_wconf 92' lang='lat' dir='ltr'>quod</span> <span class='ocrx_word' id='word_1_281' title='bbox 375 2663 502 2707; x_wconf 88' lang='lat' dir='ltr'>unde</span> <span class='ocrx_word' id='word_1_282' title='bbox 527 2662 707 2706; x_wconf 82' lang='lat' dir='ltr'>venerit</span> <span class='ocrx_word' id='word_1_283' title='bbox 731 2677 868 2720; x_wconf 82' lang='lat' dir='ltr'>supra</span> <span class='ocrx_word' id='word_1_284' title='bbox 892 2663 1051 2721; x_wconf 86' lang='lat' dir='ltr'>aperui</span> <span class='ocrx_word' id='word_1_285' title='bbox 1078 2678 1120 2721; x_wconf 91' lang='lat' dir='ltr'>p.</span> <span class='ocrx_word' id='word_1_286' title='bbox 1147 2665 1291 2708; x_wconf 83' lang='lat' dir='ltr'>xxvii.</span> 
     </span>
     <span class='ocr_line' id='line_1_35' title="bbox 289 2738 1739 2798; baseline -0.001 -14"><span class='ocrx_word' id='word_1_287' title='bbox 289 2740 343 2784; x_wconf 73' lang='lat' dir='ltr'>P,</span> <span class='ocrx_word' id='word_1_288' title='bbox 370 2742 465 2794; x_wconf 85' lang='lat'><strong>684,</strong></span> <span class='ocrx_word' id='word_1_289' title='bbox 501 2742 539 2782; x_wconf 89' lang='lat'>8.</span> <span class='ocrx_word' id='word_1_290' title='bbox 582 2738 702 2782; x_wconf 87' lang='lat' dir='ltr'>Cum</span> <span class='ocrx_word' id='word_1_291' title='bbox 745 2738 937 2797; x_wconf 82' lang='lat' dir='ltr'>vulgata</span> <span class='ocrx_word' id='word_1_292' title='bbox 977 2744 1086 2784; x_wconf 85' lang='lat' dir='ltr'>ante</span> <span class='ocrx_word' id='word_1_293' title='bbox 1125 2739 1471 2784; x_wconf 81' lang='lat' dir='ltr'>Buttmannum</span> <span class='ocrx_word' id='word_1_294' title='bbox 1513 2739 1739 2798; x_wconf 86' lang='lat' dir='ltr'>scriptura</span> 
     </span>
    </p>
   </div>
   <div class='ocr_carea' id='block_1_7' title="bbox 223 2813 1738 2941">
    <p class='ocr_par' dir='ltr' id='par_1_15' title="bbox 223 2813 1738 2941">
     <span class='ocr_line' id='line_1_36' title="bbox 223 2813 541 2863; baseline -0.019 0"><span class='ocrx_word' id='word_1_295' title='bbox 223 2815 456 2863; x_wconf 88' lang='lat' dir='ltr'>consentit</span> <span class='ocrx_word' id='word_1_296' title='bbox 482 2813 541 2858; x_wconf 83' lang='lat' dir='ltr'>O.</span> 
     </span>
     <span class='ocr_line' id='line_1_37' title="bbox 289 2888 1738 2941; baseline -0.001 -6"><span class='ocrx_word' id='word_1_297' title='bbox 289 2891 344 2935; x_wconf 87' lang='lat' dir='ltr'>P.</span> <span class='ocrx_word' id='word_1_298' title='bbox 371 2892 466 2941; x_wconf 88' lang='lat'><strong>686,</strong></span> <span class='ocrx_word' id='word_1_299' title='bbox 494 2893 531 2932; x_wconf 87' lang='lat'>8.</span> <span class='ocrx_word' id='word_1_300' title='bbox 568 2889 719 2932; x_wconf 76' lang='grc' dir='ltr'>ἶστᾶσι</span> <span class='ocrx_word' id='word_1_301' title='bbox 746 2888 889 2933; x_wconf 73' lang='lat' dir='ltr'>habet</span> <span class='ocrx_word' id='word_1_302' title='bbox 912 2890 1053 2934; x_wconf 74' lang='lat' dir='ltr'>etiam</span> <span class='ocrx_word' id='word_1_303' title='bbox 1081 2889 1141 2934; x_wconf 88' lang='lat' dir='ltr'>O.</span> <span class='ocrx_word' id='word_1_304' title='bbox 1310 2907 1374 2935; x_wconf 86' lang='lat'>22.</span> <span class='ocrx_word' id='word_1_305' title='bbox 1398 2889 1634 2934; x_wconf 72' lang='lat' dir='ltr'>‘Y7r0&#39;9ffl’w</span> <span class='ocrx_word' id='word_1_306' title='bbox 1658 2889 1738 2933; x_wconf 80' lang='lat' dir='ltr'>ha-</span> 
     </span>
    </p>
   </div>
   <div class='ocr_carea' id='block_1_8' title="bbox 223 2964 487 3013">
    <p class='ocr_par' dir='ltr' id='par_1_16' title="bbox 223 2964 487 3013">
     <span class='ocr_line' id='line_1_38' title="bbox 223 2964 487 3013; baseline -0.019 0"><span class='ocrx_word' id='word_1_307' title='bbox 223 2968 337 3013; x_wconf 88' lang='lat' dir='ltr'>bent</span> <span class='ocrx_word' id='word_1_308' title='bbox 364 2964 487 3009; x_wconf 91' lang='lat' dir='ltr'>D.O.</span> 
     </span>
    </p>
   </div>
  </div>
 </body>
</html>
