<?xml version="1.0" encoding="UTF-8"?>
<!DOCTYPE html PUBLIC "-//W3C//DTD XHTML 1.0 Transitional//EN"
    "http://www.w3.org/TR/xhtml1/DTD/xhtml1-transitional.dtd">
<html xmlns="http://www.w3.org/1999/xhtml" xml:lang="en" lang="en">
 <head>
  <title>
</title>
<meta http-equiv="Content-Type" content="text/html;charset=utf-8" />
  <meta name='ocr-system' content='tesseract 3.04.00' />
  <meta name='ocr-capabilities' content='ocr_page ocr_carea ocr_par ocr_line ocrx_word'/>
</head>
<body>
  <div class='ocr_page' id='page_1' title='image "./scholiagraeodyss01homeuoft/scholiagraeodyss01homeuoft_0035.png"; bbox 0 0 1907 3270; ppageno 0'>
   <div class='ocr_carea' id='block_1_1' title="bbox 696 127 1664 175">
    <p class='ocr_par' dir='ltr' id='par_1_1' title="bbox 696 127 1664 175">
     <span class='ocr_line' id='line_1_1' title="bbox 696 127 1664 175; baseline 0.002 -2"><span class='ocrx_word' id='word_1_1' title='bbox 696 127 1100 173; x_wconf 81' lang='lat' dir='ltr'><strong>PRAEFATIO.</strong></span> <span class='ocrx_word' id='word_1_2' title='bbox 1548 131 1664 175; x_wconf 84' lang='lat' dir='ltr'>xxxi</span> 
     </span>
    </p>
   </div>
   <div class='ocr_carea' id='block_1_2' title="bbox 136 242 1666 1218">
    <p class='ocr_par' dir='ltr' id='par_1_2' title="bbox 141 242 1666 382">
     <span class='ocr_line' id='line_1_2' title="bbox 208 242 1666 305; baseline 0.003 -18"><span class='ocrx_word' id='word_1_3' title='bbox 208 242 262 288; x_wconf 91' lang='lat' dir='ltr'>P.</span> <span class='ocrx_word' id='word_1_4' title='bbox 281 259 346 302; x_wconf 85' lang='lat'>29,</span> <span class='ocrx_word' id='word_1_5' title='bbox 371 260 407 288; x_wconf 89' lang='grc' dir='ltr'>Ι.</span> <span class='ocrx_word' id='word_1_6' title='bbox 433 243 584 289; x_wconf 80' lang='lat' dir='ltr'>Recta</span> <span class='ocrx_word' id='word_1_7' title='bbox 607 245 836 303; x_wconf 80' lang='lat' dir='ltr'>scriptura</span> <span class='ocrx_word' id='word_1_8' title='bbox 859 243 937 288; x_wconf 81' lang='grc' dir='ltr'>τὸν</span> <span class='ocrx_word' id='word_1_9' title='bbox 955 243 1570 305; x_wconf 80' lang='grc' dir='ltr'>παρατατικὸν-παθητικῶς</span> <span class='ocrx_word' id='word_1_10' title='bbox 1595 253 1666 292; x_wconf 77' lang='lat' dir='ltr'>est</span> 
     </span>
     <span class='ocr_line' id='line_1_3' title="bbox 141 319 1241 382; baseline 0.002 -18"><span class='ocrx_word' id='word_1_11' title='bbox 141 320 283 364; x_wconf 84' lang='lat' dir='ltr'>etiam</span> <span class='ocrx_word' id='word_1_12' title='bbox 308 320 354 364; x_wconf 88' lang='lat' dir='ltr'>in</span> <span class='ocrx_word' id='word_1_13' title='bbox 379 319 440 364; x_wconf 94' lang='lat' dir='ltr'>D.</span> <span class='ocrx_word' id='word_1_14' title='bbox 644 325 683 364; x_wconf 90' lang='lat'>6.</span> <span class='ocrx_word' id='word_1_15' title='bbox 709 320 810 381; x_wconf 76' lang='grc' dir='ltr'>ὁρᾷ]</span> <span class='ocrx_word' id='word_1_16' title='bbox 842 321 988 382; x_wconf 75' lang='grc' dir='ltr'>ἐφορᾷ</span> <span class='ocrx_word' id='word_1_17' title='bbox 1015 320 1073 364; x_wconf 94' lang='lat' dir='ltr'>D.</span> <span class='ocrx_word' id='word_1_18' title='bbox 1099 328 1241 366; x_wconf 83' lang='lat' dir='ltr'><strong>recte.</strong></span> 
     </span>
    </p>

    <p class='ocr_par' dir='ltr' id='par_1_3' title="bbox 137 395 1666 839">
     <span class='ocr_line' id='line_1_4' title="bbox 206 395 1666 457; baseline 0.003 -18"><span class='ocrx_word' id='word_1_19' title='bbox 206 395 258 440; x_wconf 90' lang='lat' dir='ltr'>P.</span> <span class='ocrx_word' id='word_1_20' title='bbox 284 413 351 455; x_wconf 83' lang='lat'>30,</span> <span class='ocrx_word' id='word_1_21' title='bbox 378 400 417 440; x_wconf 90' lang='lat'>6.</span> <span class='ocrx_word' id='word_1_22' title='bbox 454 395 682 457; x_wconf 73' lang='grc' dir='ltr'>ὑποφαίνει</span> <span class='ocrx_word' id='word_1_23' title='bbox 709 397 850 440; x_wconf 78' lang='lat' dir='ltr'>etiam</span> <span class='ocrx_word' id='word_1_24' title='bbox 876 397 937 440; x_wconf 88' lang='lat' dir='ltr'>D.</span> <span class='ocrx_word' id='word_1_25' title='bbox 1011 396 1142 442; x_wconf 82' lang='lat' dir='ltr'>Idem</span> <span class='ocrx_word' id='word_1_26' title='bbox 1178 395 1245 441; x_wconf 70' lang='grc' dir='ltr'>διὰ</span> <span class='ocrx_word' id='word_1_27' title='bbox 1270 398 1429 442; x_wconf 73' lang='grc' dir='ltr'>τούτου</span> <span class='ocrx_word' id='word_1_28' title='bbox 1453 406 1507 443; x_wconf 80' lang='lat' dir='ltr'>ut</span> <span class='ocrx_word' id='word_1_29' title='bbox 1531 413 1590 443; x_wconf 71' lang='grc' dir='ltr'>ΟΧ</span> <span class='ocrx_word' id='word_1_30' title='bbox 1614 398 1666 443; x_wconf 87' lang='grc' dir='ltr'>Τ.</span> 
     </span>
     <span class='ocr_line' id='line_1_5' title="bbox 139 470 1664 534; baseline 0.001 -18"><span class='ocrx_word' id='word_1_31' title='bbox 139 487 221 531; x_wconf 81' lang='lat' dir='ltr'>pro</span> <span class='ocrx_word' id='word_1_32' title='bbox 246 470 314 517; x_wconf 78' lang='grc' dir='ltr'>διὰ</span> <span class='ocrx_word' id='word_1_33' title='bbox 338 476 472 516; x_wconf 83' lang='grc' dir='ltr'>τοῦτο</span> <span class='ocrx_word' id='word_1_34' title='bbox 498 473 822 532; x_wconf 76' lang='lat' dir='ltr'>corrigendum</span> <span class='ocrx_word' id='word_1_35' title='bbox 850 488 949 518; x_wconf 80' lang='lat' dir='ltr'>esse</span> <span class='ocrx_word' id='word_1_36' title='bbox 977 474 1072 517; x_wconf 88' lang='lat' dir='ltr'>dixi</span> <span class='ocrx_word' id='word_1_37' title='bbox 1111 474 1156 517; x_wconf 84' lang='lat' dir='ltr'>in</span> <span class='ocrx_word' id='word_1_38' title='bbox 1182 473 1462 532; x_wconf 78' lang='lat' dir='ltr'>Appendice</span> <span class='ocrx_word' id='word_1_39' title='bbox 1496 491 1538 534; x_wconf 81' lang='lat' dir='ltr'>p.</span> <span class='ocrx_word' id='word_1_40' title='bbox 1567 489 1664 533; x_wconf 83' lang='lat'><strong>735.</strong></span> 
     </span>
     <span class='ocr_line' id='line_1_6' title="bbox 140 548 1665 612; baseline 0.003 -21"><span class='ocrx_word' id='word_1_41' title='bbox 140 551 178 593; x_wconf 90' lang='lat'>8.</span> <span class='ocrx_word' id='word_1_42' title='bbox 204 549 363 594; x_wconf 85' lang='lat' dir='ltr'>Verba</span> <span class='ocrx_word' id='word_1_43' title='bbox 388 548 738 606; x_wconf 79' lang='grc' dir='ltr'>λόγου-τόπου</span> <span class='ocrx_word' id='word_1_44' title='bbox 763 550 809 593; x_wconf 88' lang='lat' dir='ltr'>in</span> <span class='ocrx_word' id='word_1_45' title='bbox 836 549 895 593; x_wconf 91' lang='lat' dir='ltr'>E.</span> <span class='ocrx_word' id='word_1_46' title='bbox 923 550 1090 593; x_wconf 77' lang='lat' dir='ltr'>omissa</span> <span class='ocrx_word' id='word_1_47' title='bbox 1116 549 1256 594; x_wconf 76' lang='lat' dir='ltr'>habet</span> <span class='ocrx_word' id='word_1_48' title='bbox 1284 550 1343 594; x_wconf 92' lang='lat' dir='ltr'>D.</span> <span class='ocrx_word' id='word_1_49' title='bbox 1496 568 1534 608; x_wconf 89' lang='lat'>9.</span> <span class='ocrx_word' id='word_1_50' title='bbox 1563 550 1665 612; x_wconf 81' lang='grc' dir='ltr'>θρό-</span> 
     </span>
     <span class='ocr_line' id='line_1_7' title="bbox 139 625 1666 687; baseline 0.003 -20"><span class='ocrx_word' id='word_1_51' title='bbox 139 625 505 687; x_wconf 82' lang='grc' dir='ltr'>νος-ἐπηρμένος</span> <span class='ocrx_word' id='word_1_52' title='bbox 529 641 620 669; x_wconf 88' lang='lat' dir='ltr'>om.</span> <span class='ocrx_word' id='word_1_53' title='bbox 648 625 812 670; x_wconf 87' lang='lat' dir='ltr'><strong>D.S.T.</strong></span> <span class='ocrx_word' id='word_1_54' title='bbox 1006 643 1069 680; x_wconf 85' lang='lat'>14.</span> <span class='ocrx_word' id='word_1_55' title='bbox 1098 625 1257 670; x_wconf 83' lang='lat' dir='ltr'>Habet</span> <span class='ocrx_word' id='word_1_56' title='bbox 1286 626 1332 670; x_wconf 80' lang='lat' dir='ltr'>S.</span> <span class='ocrx_word' id='word_1_57' title='bbox 1359 628 1405 670; x_wconf 84' lang='lat' dir='ltr'>in</span> <span class='ocrx_word' id='word_1_58' title='bbox 1432 625 1666 671; x_wconf 61' lang='lat' dir='ltr'>dmimwov</span> 
     </span>
     <span class='ocr_line' id='line_1_8' title="bbox 138 699 1664 763; baseline 0.001 -18"><span class='ocrx_word' id='word_1_59' title='bbox 138 702 444 754; x_wconf 81' lang='lat' dir='ltr'>consentiens,</span> <span class='ocrx_word' id='word_1_60' title='bbox 480 717 563 761; x_wconf 87' lang='lat' dir='ltr'>pro</span> <span class='ocrx_word' id='word_1_61' title='bbox 600 717 691 761; x_wconf 86' lang='lat' dir='ltr'>quo</span> <span class='ocrx_word' id='word_1_62' title='bbox 728 699 1010 763; x_wconf 73' lang='grc' dir='ltr'>ἁνάκλιντρον</span> <span class='ocrx_word' id='word_1_63' title='bbox 1046 717 1105 747; x_wconf 79' lang='lat' dir='ltr'>ex</span> <span class='ocrx_word' id='word_1_64' title='bbox 1142 702 1244 746; x_wconf 82' lang='lat' dir='ltr'><strong>cod.</strong></span> <span class='ocrx_word' id='word_1_65' title='bbox 1272 701 1491 746; x_wconf 75' lang='lat' dir='ltr'><strong>Cantabr.</strong></span> <span class='ocrx_word' id='word_1_66' title='bbox 1529 703 1664 747; x_wconf 78' lang='lat' dir='ltr'>affert</span> 
     </span>
     <span class='ocr_line' id='line_1_9' title="bbox 137 774 1261 839; baseline 0 -19"><span class='ocrx_word' id='word_1_67' title='bbox 137 776 400 822; x_wconf 78' lang='lat' dir='ltr'><strong>BarneSiUS.</strong></span> <span class='ocrx_word' id='word_1_68' title='bbox 596 793 662 833; x_wconf 83' lang='lat'>24.</span> <span class='ocrx_word' id='word_1_69' title='bbox 689 774 747 821; x_wconf 73' lang='grc' dir='ltr'>τὰ</span> <span class='ocrx_word' id='word_1_70' title='bbox 772 777 914 839; x_wconf 74' lang='grc' dir='ltr'>ὅρκια]</span> <span class='ocrx_word' id='word_1_71' title='bbox 946 775 1024 821; x_wconf 79' lang='grc' dir='ltr'>τὸν</span> <span class='ocrx_word' id='word_1_72' title='bbox 1049 777 1176 838; x_wconf 71' lang='grc' dir='ltr'>ὅρκον</span> <span class='ocrx_word' id='word_1_73' title='bbox 1201 778 1261 821; x_wconf 90' lang='lat' dir='ltr'>D.</span> 
     </span>
    </p>

    <p class='ocr_par' dir='ltr' id='par_1_4' title="bbox 136 851 1664 1218">
     <span class='ocr_line' id='line_1_10' title="bbox 204 851 1664 915; baseline 0.003 -20"><span class='ocrx_word' id='word_1_74' title='bbox 204 852 256 898; x_wconf 87' lang='lat' dir='ltr'>P.</span> <span class='ocrx_word' id='word_1_75' title='bbox 282 870 352 912; x_wconf 85' lang='lat'>31,</span> <span class='ocrx_word' id='word_1_76' title='bbox 384 870 418 897; x_wconf 90' lang='lat'>1.</span> <span class='ocrx_word' id='word_1_77' title='bbox 455 851 647 897; x_wconf 77' lang='grc' dir='ltr'>ἀπὸτοῦ</span> <span class='ocrx_word' id='word_1_78' title='bbox 682 853 780 915; x_wconf 72' lang='grc' dir='ltr'>περὶ</span> <span class='ocrx_word' id='word_1_79' title='bbox 814 851 892 897; x_wconf 82' lang='grc' dir='ltr'>τὸν</span> <span class='ocrx_word' id='word_1_80' title='bbox 928 851 1143 904; x_wconf 72' lang='grc' dir='ltr'>δεσπότην</span> <span class='ocrx_word' id='word_1_81' title='bbox 1168 854 1429 914; x_wconf 81' lang='grc' dir='ltr'>πολεῖσθαι]</span> <span class='ocrx_word' id='word_1_82' title='bbox 1469 853 1664 899; x_wconf 77' lang='lat' dir='ltr'>Rectius</span> 
     </span>
     <span class='ocr_line' id='line_1_11' title="bbox 137 927 1664 993; baseline 0.001 -19"><span class='ocrx_word' id='word_1_83' title='bbox 137 927 374 993; x_wconf 77' lang='grc' dir='ltr'>Θεράπαινα</span> <span class='ocrx_word' id='word_1_84' title='bbox 394 930 484 975; x_wconf 72' lang='grc' dir='ltr'>ἀπὸ</span> <span class='ocrx_word' id='word_1_85' title='bbox 508 934 587 975; x_wconf 78' lang='grc' dir='ltr'>τοῦ</span> <span class='ocrx_word' id='word_1_86' title='bbox 618 930 716 990; x_wconf 73' lang='grc' dir='ltr'>περὶ</span> <span class='ocrx_word' id='word_1_87' title='bbox 749 931 826 983; x_wconf 81' lang='grc' dir='ltr'>τὴν</span> <span class='ocrx_word' id='word_1_88' title='bbox 859 929 1089 974; x_wconf 65' lang='grc' dir='ltr'>δέσποιναν</span> <span class='ocrx_word' id='word_1_89' title='bbox 1121 933 1373 978; x_wconf 83' lang='grc' dir='ltr'>πολεῖσθαι..</span> <span class='ocrx_word' id='word_1_90' title='bbox 1400 930 1508 992; x_wconf 81' lang='grc' dir='ltr'>ὅπερ</span> <span class='ocrx_word' id='word_1_91' title='bbox 1544 932 1664 977; x_wconf 74' lang='grc' dir='ltr'>ἐστὶν</span> 
     </span>
     <span class='ocr_line' id='line_1_12' title="bbox 136 1006 1662 1070; baseline 0.001 -19"><span class='ocrx_word' id='word_1_92' title='bbox 136 1007 493 1070; x_wconf 81' lang='grc' dir='ltr'>ἀναστρέφεσθαι</span> <span class='ocrx_word' id='word_1_93' title='bbox 534 1008 579 1051; x_wconf 88' lang='lat' dir='ltr'>in</span> <span class='ocrx_word' id='word_1_94' title='bbox 616 1007 675 1052; x_wconf 93' lang='lat' dir='ltr'>V.</span> <span class='ocrx_word' id='word_1_95' title='bbox 713 1008 790 1066; x_wconf 90' lang='lat' dir='ltr'>qui</span> <span class='ocrx_word' id='word_1_96' title='bbox 824 1007 1002 1066; x_wconf 83' lang='lat' dir='ltr'>reliqua</span> <span class='ocrx_word' id='word_1_97' title='bbox 1041 1022 1132 1050; x_wconf 88' lang='lat' dir='ltr'>om.</span> <span class='ocrx_word' id='word_1_98' title='bbox 1191 1006 1414 1051; x_wconf 83' lang='lat' dir='ltr'>Ceterum</span> <span class='ocrx_word' id='word_1_99' title='bbox 1452 1008 1662 1053; x_wconf 79' lang='lat' dir='ltr'>scholion</span> 
     </span>
     <span class='ocr_line' id='line_1_13' title="bbox 136 1083 1662 1144; baseline 0.002 -17"><span class='ocrx_word' id='word_1_100' title='bbox 136 1083 225 1128; x_wconf 82' lang='lat' dir='ltr'>hoc</span> <span class='ocrx_word' id='word_1_101' title='bbox 259 1085 356 1129; x_wconf 86' lang='lat' dir='ltr'>Sine</span> <span class='ocrx_word' id='word_1_102' title='bbox 392 1084 510 1144; x_wconf 80' lang='lat' dir='ltr'>sigla</span> <span class='ocrx_word' id='word_1_103' title='bbox 544 1084 698 1143; x_wconf 76' lang='lat' dir='ltr'>posuit</span> <span class='ocrx_word' id='word_1_104' title='bbox 733 1084 903 1128; x_wconf 84' lang='lat' dir='ltr'><strong>Maius.</strong></span> <span class='ocrx_word' id='word_1_105' title='bbox 980 1083 1072 1127; x_wconf 81' lang='lat' dir='ltr'>Est</span> <span class='ocrx_word' id='word_1_106' title='bbox 1107 1083 1299 1127; x_wconf 80' lang='lat' dir='ltr'>fortasse</span> <span class='ocrx_word' id='word_1_107' title='bbox 1333 1098 1391 1127; x_wconf 84' lang='lat' dir='ltr'>ex</span> <span class='ocrx_word' id='word_1_108' title='bbox 1416 1083 1473 1137; x_wconf 81' lang='lat' dir='ltr'>Q.</span> <span class='ocrx_word' id='word_1_109' title='bbox 1510 1085 1662 1143; x_wconf 81' lang='lat' dir='ltr'>potius</span> 
     </span>
     <span class='ocr_line' id='line_1_14' title="bbox 136 1157 1660 1218; baseline 0.001 -15"><span class='ocrx_word' id='word_1_110' title='bbox 136 1173 276 1218; x_wconf 84' lang='lat' dir='ltr'>quam</span> <span class='ocrx_word' id='word_1_111' title='bbox 301 1174 361 1203; x_wconf 87' lang='lat' dir='ltr'>ex</span> <span class='ocrx_word' id='word_1_112' title='bbox 387 1158 461 1211; x_wconf 66' lang='lat' dir='ltr'>E„</span> <span class='ocrx_word' id='word_1_113' title='bbox 487 1174 630 1217; x_wconf 89' lang='lat' dir='ltr'>quum</span> <span class='ocrx_word' id='word_1_114' title='bbox 670 1158 791 1202; x_wconf 79' lang='lat' dir='ltr'>absit</span> <span class='ocrx_word' id='word_1_115' title='bbox 827 1158 884 1202; x_wconf 78' lang='lat' dir='ltr'>ab</span> <span class='ocrx_word' id='word_1_116' title='bbox 919 1157 992 1209; x_wconf 73' lang='lat' dir='ltr'>D„</span> <span class='ocrx_word' id='word_1_117' title='bbox 1019 1159 1095 1216; x_wconf 86' lang='lat' dir='ltr'>qui</span> <span class='ocrx_word' id='word_1_118' title='bbox 1133 1158 1354 1217; x_wconf 76' lang='lat' dir='ltr'>pleraque</span> <span class='ocrx_word' id='word_1_119' title='bbox 1391 1160 1563 1205; x_wconf 84' lang='lat' dir='ltr'>codicis</span> <span class='ocrx_word' id='word_1_120' title='bbox 1598 1160 1660 1204; x_wconf 88' lang='lat' dir='ltr'>E.</span> 
     </span>
    </p>
   </div>
   <div class='ocr_carea' id='block_1_3' title="bbox 133 1234 1663 1829">
    <p class='ocr_par' dir='ltr' id='par_1_5' title="bbox 133 1234 1662 1525">
     <span class='ocr_line' id='line_1_15' title="bbox 135 1234 1662 1295; baseline -0.001 -14"><span class='ocrx_word' id='word_1_121' title='bbox 135 1235 310 1281; x_wconf 81' lang='lat' dir='ltr'>scholia</span> <span class='ocrx_word' id='word_1_122' title='bbox 345 1236 502 1281; x_wconf 77' lang='lat' dir='ltr'><strong>habet.</strong></span> <span class='ocrx_word' id='word_1_123' title='bbox 705 1253 746 1293; x_wconf 81' lang='lat'>3.</span> <span class='ocrx_word' id='word_1_124' title='bbox 783 1236 844 1292; x_wconf 76' lang='grc' dir='ltr'>τῷ</span> <span class='ocrx_word' id='word_1_125' title='bbox 878 1234 972 1279; x_wconf 82' lang='grc' dir='ltr'>καθ’</span> <span class='ocrx_word' id='word_1_126' title='bbox 1010 1236 1115 1286; x_wconf 74' lang='grc' dir='ltr'>ἡμᾶς</span> <span class='ocrx_word' id='word_1_127' title='bbox 1151 1235 1302 1295; x_wconf 73' lang='grc' dir='ltr'>ξέστῃ]</span> <span class='ocrx_word' id='word_1_128' title='bbox 1344 1235 1398 1279; x_wconf 83' lang='grc' dir='ltr'>τὸ</span> <span class='ocrx_word' id='word_1_129' title='bbox 1431 1237 1525 1281; x_wconf 79' lang='grc' dir='ltr'>καθ’</span> <span class='ocrx_word' id='word_1_130' title='bbox 1556 1239 1662 1289; x_wconf 76' lang='grc' dir='ltr'>ἡμᾶς</span> 
     </span>
     <span class='ocr_line' id='line_1_16' title="bbox 133 1311 1661 1373; baseline 0.001 -17"><span class='ocrx_word' id='word_1_131' title='bbox 133 1311 372 1371; x_wconf 74' lang='grc' dir='ltr'>λεγόμενον</span> <span class='ocrx_word' id='word_1_132' title='bbox 430 1311 604 1373; x_wconf 60' lang='lat' dir='ltr'>{eo-riou</span> <span class='ocrx_word' id='word_1_133' title='bbox 652 1311 710 1355; x_wconf 94' lang='lat' dir='ltr'>D.</span> <span class='ocrx_word' id='word_1_134' title='bbox 787 1311 1058 1369; x_wconf 82' lang='lat' dir='ltr'>Utrumque</span> <span class='ocrx_word' id='word_1_135' title='bbox 1106 1311 1328 1356; x_wconf 77' lang='lat' dir='ltr'>dixerunt</span> <span class='ocrx_word' id='word_1_136' title='bbox 1374 1313 1519 1357; x_wconf 86' lang='lat' dir='ltr'>medii</span> <span class='ocrx_word' id='word_1_137' title='bbox 1577 1314 1661 1358; x_wconf 79' lang='lat' dir='ltr'>aevi</span> 
     </span>
     <span class='ocr_line' id='line_1_17' title="bbox 134 1386 1659 1448; baseline 0.001 -16"><span class='ocrx_word' id='word_1_138' title='bbox 134 1389 394 1448; x_wconf 82' lang='lat' dir='ltr'><strong>scriptores.</strong></span> <span class='ocrx_word' id='word_1_139' title='bbox 599 1402 637 1444; x_wconf 89' lang='lat'><strong>7.</strong></span> <span class='ocrx_word' id='word_1_140' title='bbox 665 1386 758 1431; x_wconf 70' lang='grc' dir='ltr'>οὐδὲ</span> <span class='ocrx_word' id='word_1_141' title='bbox 783 1388 924 1432; x_wconf 78' lang='lat' dir='ltr'>etiam</span> <span class='ocrx_word' id='word_1_142' title='bbox 951 1388 1010 1432; x_wconf 94' lang='lat' dir='ltr'>D.</span> <span class='ocrx_word' id='word_1_143' title='bbox 1195 1403 1263 1432; x_wconf 83' lang='lat'>21.</span> <span class='ocrx_word' id='word_1_144' title='bbox 1289 1388 1576 1447; x_wconf 79' lang='grc' dir='ltr'>ἐν-πτυκτῷ</span> <span class='ocrx_word' id='word_1_145' title='bbox 1598 1390 1659 1434; x_wconf 91' lang='lat' dir='ltr'>D.</span> 
     </span>
     <span class='ocr_line' id='line_1_18' title="bbox 134 1460 1642 1525; baseline 0.001 -17"><span class='ocrx_word' id='word_1_146' title='bbox 134 1470 187 1508; x_wconf 81' lang='lat' dir='ltr'>ut</span> <span class='ocrx_word' id='word_1_147' title='bbox 212 1463 391 1508; x_wconf 80' lang='lat' dir='ltr'>correxi</span> <span class='ocrx_word' id='word_1_148' title='bbox 415 1478 498 1522; x_wconf 85' lang='lat' dir='ltr'>pro</span> <span class='ocrx_word' id='word_1_149' title='bbox 522 1463 821 1521; x_wconf 78' lang='grc' dir='ltr'>ἐπὶ-πυκτῷ.</span> <span class='ocrx_word' id='word_1_150' title='bbox 961 1478 1028 1519; x_wconf 85' lang='lat'>27.</span> <span class='ocrx_word' id='word_1_151' title='bbox 1054 1463 1121 1506; x_wconf 81' lang='grc' dir='ltr'>καὶ</span> <span class='ocrx_word' id='word_1_152' title='bbox 1147 1460 1258 1525; x_wconf 74' lang='grc' dir='ltr'>ἅπερ</span> <span class='ocrx_word' id='word_1_153' title='bbox 1284 1463 1389 1507; x_wconf 76' lang='grc' dir='ltr'>εἰσὶν</span> <span class='ocrx_word' id='word_1_154' title='bbox 1414 1466 1556 1509; x_wconf 79' lang='lat' dir='ltr'>etiam</span> <span class='ocrx_word' id='word_1_155' title='bbox 1583 1465 1642 1509; x_wconf 90' lang='lat' dir='ltr'>D.</span> 
     </span>
    </p>

    <p class='ocr_par' dir='ltr' id='par_1_6' title="bbox 202 1538 857 1598">
     <span class='ocr_line' id='line_1_19' title="bbox 202 1538 857 1598; baseline 0.002 -15"><span class='ocrx_word' id='word_1_156' title='bbox 202 1538 254 1584; x_wconf 87' lang='lat' dir='ltr'>P.</span> <span class='ocrx_word' id='word_1_157' title='bbox 275 1556 343 1598; x_wconf 79' lang='lat'>33,</span> <span class='ocrx_word' id='word_1_158' title='bbox 372 1555 438 1585; x_wconf 82' lang='lat'>22.</span> <span class='ocrx_word' id='word_1_159' title='bbox 464 1542 604 1583; x_wconf 76' lang='grc' dir='ltr'>ταῦτα</span> <span class='ocrx_word' id='word_1_160' title='bbox 628 1540 771 1584; x_wconf 72' lang='lat' dir='ltr'>habet</span> <span class='ocrx_word' id='word_1_161' title='bbox 797 1538 857 1584; x_wconf 90' lang='lat' dir='ltr'>H.</span> 
     </span>
    </p>

    <p class='ocr_par' dir='ltr' id='par_1_7' title="bbox 133 1616 1663 1829">
     <span class='ocr_line' id='line_1_20' title="bbox 200 1616 1661 1679; baseline 0.001 -17"><span class='ocrx_word' id='word_1_162' title='bbox 200 1617 252 1662; x_wconf 86' lang='lat' dir='ltr'>P.</span> <span class='ocrx_word' id='word_1_163' title='bbox 279 1635 346 1677; x_wconf 81' lang='lat'>34,</span> <span class='ocrx_word' id='word_1_164' title='bbox 371 1635 412 1673; x_wconf 91' lang='lat'>4.</span> <span class='ocrx_word' id='word_1_165' title='bbox 450 1617 632 1662; x_wconf 81' lang='grc' dir='ltr'>πιστέον</span> <span class='ocrx_word' id='word_1_166' title='bbox 657 1618 799 1663; x_wconf 77' lang='lat' dir='ltr'>etiam</span> <span class='ocrx_word' id='word_1_167' title='bbox 828 1616 890 1661; x_wconf 88' lang='lat' dir='ltr'>H.</span> <span class='ocrx_word' id='word_1_168' title='bbox 1147 1634 1187 1675; x_wconf 83' lang='lat'>5.</span> <span class='ocrx_word' id='word_1_169' title='bbox 1214 1619 1507 1677; x_wconf 80' lang='grc' dir='ltr'>περισπᾶται]</span> <span class='ocrx_word' id='word_1_170' title='bbox 1540 1639 1661 1679; x_wconf 86' lang='grc' dir='ltr'>περι-</span> 
     </span>
     <span class='ocr_line' id='line_1_21' title="bbox 133 1694 1663 1754; baseline 0.001 -16"><span class='ocrx_word' id='word_1_171' title='bbox 133 1695 360 1742; x_wconf 83' lang='grc' dir='ltr'>σπαστέος</span> <span class='ocrx_word' id='word_1_172' title='bbox 387 1694 450 1738; x_wconf 91' lang='lat' dir='ltr'>H.</span> <span class='ocrx_word' id='word_1_173' title='bbox 477 1695 602 1753; x_wconf 88' lang='lat' dir='ltr'>quod</span> <span class='ocrx_word' id='word_1_174' title='bbox 642 1700 831 1754; x_wconf 73' lang='lat' dir='ltr'>praestat</span> <span class='ocrx_word' id='word_1_175' title='bbox 865 1709 1010 1752; x_wconf 86' lang='lat' dir='ltr'>quum</span> <span class='ocrx_word' id='word_1_176' title='bbox 1047 1702 1269 1751; x_wconf 79' lang='lat' dir='ltr'>sequatur</span> <span class='ocrx_word' id='word_1_177' title='bbox 1293 1694 1534 1752; x_wconf 78' lang='grc' dir='ltr'>ἐγκλιτέον,</span> <span class='ocrx_word' id='word_1_178' title='bbox 1570 1711 1663 1739; x_wconf 90' lang='lat' dir='ltr'>non</span> 
     </span>
     <span class='ocr_line' id='line_1_22' title="bbox 133 1769 1661 1829; baseline 0.001 -16"><span class='ocrx_word' id='word_1_179' title='bbox 133 1770 394 1828; x_wconf 74' lang='grc' dir='ltr'>ἐγκλίνεται.</span> <span class='ocrx_word' id='word_1_180' title='bbox 638 1787 701 1814; x_wconf 85' lang='lat'>10.</span> <span class='ocrx_word' id='word_1_181' title='bbox 737 1769 843 1814; x_wconf 76' lang='lat' dir='ltr'>Hoc</span> <span class='ocrx_word' id='word_1_182' title='bbox 882 1769 1089 1813; x_wconf 80' lang='lat' dir='ltr'>scholion</span> <span class='ocrx_word' id='word_1_183' title='bbox 1127 1770 1172 1812; x_wconf 83' lang='lat' dir='ltr'>in</span> <span class='ocrx_word' id='word_1_184' title='bbox 1214 1769 1275 1813; x_wconf 92' lang='lat' dir='ltr'>H.</span> <span class='ocrx_word' id='word_1_185' title='bbox 1314 1771 1382 1814; x_wconf 74' lang='lat' dir='ltr'>bis</span> <span class='ocrx_word' id='word_1_186' title='bbox 1421 1772 1661 1829; x_wconf 76' lang='lat' dir='ltr'>seriptum,</span> 
     </span>
    </p>
   </div>
   <div class='ocr_carea' id='block_1_4' title="bbox 131 1843 1665 2898">
    <p class='ocr_par' dir='ltr' id='par_1_8' title="bbox 131 1843 1665 2673">
     <span class='ocr_line' id='line_1_23' title="bbox 132 1843 1664 1907; baseline 0.001 -17"><span class='ocrx_word' id='word_1_187' title='bbox 132 1847 180 1890; x_wconf 90' lang='lat' dir='ltr'>in</span> <span class='ocrx_word' id='word_1_188' title='bbox 217 1848 426 1907; x_wconf 82' lang='lat' dir='ltr'>margine</span> <span class='ocrx_word' id='word_1_189' title='bbox 467 1848 666 1899; x_wconf 82' lang='lat' dir='ltr'>sinistro,</span> <span class='ocrx_word' id='word_1_190' title='bbox 704 1846 784 1890; x_wconf 89' lang='lat' dir='ltr'>ubi</span> <span class='ocrx_word' id='word_1_191' title='bbox 822 1851 950 1890; x_wconf 81' lang='lat' dir='ltr'>recte</span> <span class='ocrx_word' id='word_1_192' title='bbox 979 1846 1035 1904; x_wconf 68' lang='grc' dir='ltr'>τῇ</span> <span class='ocrx_word' id='word_1_193' title='bbox 1069 1843 1173 1904; x_wconf 72' lang='grc' dir='ltr'>γὰρ,</span> <span class='ocrx_word' id='word_1_194' title='bbox 1206 1851 1252 1890; x_wconf 77' lang='lat' dir='ltr'>et</span> <span class='ocrx_word' id='word_1_195' title='bbox 1287 1847 1334 1889; x_wconf 89' lang='lat' dir='ltr'>in</span> <span class='ocrx_word' id='word_1_196' title='bbox 1372 1846 1549 1898; x_wconf 85' lang='lat' dir='ltr'>dextro,</span> <span class='ocrx_word' id='word_1_197' title='bbox 1584 1847 1664 1892; x_wconf 91' lang='lat' dir='ltr'>ubi</span> 
     </span>
     <span class='ocr_line' id='line_1_24' title="bbox 132 1920 1662 1985; baseline 0 -18"><span class='ocrx_word' id='word_1_198' title='bbox 132 1925 255 1967; x_wconf 78' lang='lat' dir='ltr'>male</span> <span class='ocrx_word' id='word_1_199' title='bbox 289 1924 345 1982; x_wconf 78' lang='grc' dir='ltr'><strong><em>τῇ</em></strong></span> <span class='ocrx_word' id='word_1_200' title='bbox 378 1923 446 1966; x_wconf 72' lang='grc' dir='ltr'>καὶ</span> <span class='ocrx_word' id='word_1_201' title='bbox 484 1920 574 1985; x_wconf 73' lang='grc' dir='ltr'>’γὰρ</span> <span class='ocrx_word' id='word_1_202' title='bbox 610 1929 665 1966; x_wconf 76' lang='lat' dir='ltr'>ut</span> <span class='ocrx_word' id='word_1_203' title='bbox 700 1923 747 1966; x_wconf 81' lang='lat' dir='ltr'>in</span> <span class='ocrx_word' id='word_1_204' title='bbox 787 1922 859 1966; x_wconf 88' lang='lat' dir='ltr'>M.</span> <span class='ocrx_word' id='word_1_205' title='bbox 1084 1926 1148 1965; x_wconf 87' lang='lat'>16.</span> <span class='ocrx_word' id='word_1_206' title='bbox 1176 1921 1337 1967; x_wconf 54' lang='lat' dir='ltr'>Vbrba</span> <span class='ocrx_word' id='word_1_207' title='bbox 1375 1923 1662 1983; x_wconf 77' lang='grc' dir='ltr'>φροντιστὴς,</span> 
     </span>
     <span class='ocr_line' id='line_1_25' title="bbox 132 1999 1662 2062; baseline 0.001 -18"><span class='ocrx_word' id='word_1_208' title='bbox 132 2001 506 2062; x_wconf 80' lang='grc' dir='ltr'>ἐπιστρεφόμενος</span> <span class='ocrx_word' id='word_1_209' title='bbox 533 2004 619 2045; x_wconf 75' lang='grc' dir='ltr'>τῶν</span> <span class='ocrx_word' id='word_1_210' title='bbox 652 2000 898 2062; x_wconf 78' lang='grc' dir='ltr'>ἀνθρώπων,</span> <span class='ocrx_word' id='word_1_211' title='bbox 935 1999 1166 2061; x_wconf 71' lang='grc' dir='ltr'>φιλόξενος</span> <span class='ocrx_word' id='word_1_212' title='bbox 1199 2005 1307 2043; x_wconf 74' lang='lat' dir='ltr'><strong>sunt</strong></span> <span class='ocrx_word' id='word_1_213' title='bbox 1343 2000 1483 2045; x_wconf 74' lang='lat' dir='ltr'>etiam</span> <span class='ocrx_word' id='word_1_214' title='bbox 1522 2002 1568 2045; x_wconf 78' lang='lat' dir='ltr'>in</span> <span class='ocrx_word' id='word_1_215' title='bbox 1597 2001 1662 2045; x_wconf 88' lang='lat' dir='ltr'>H.</span> 
     </span>
     <span class='ocr_line' id='line_1_26' title="bbox 133 2074 1665 2137; baseline 0 -16"><span class='ocrx_word' id='word_1_216' title='bbox 133 2077 268 2122; x_wconf 82' lang='lat' dir='ltr'>Idem</span> <span class='ocrx_word' id='word_1_217' title='bbox 294 2080 355 2134; x_wconf 78' lang='lat' dir='ltr'>(v,</span> <span class='ocrx_word' id='word_1_218' title='bbox 376 2080 461 2136; x_wconf 85' lang='lat'><strong>18.)</strong></span> <span class='ocrx_word' id='word_1_219' title='bbox 487 2077 629 2122; x_wconf 79' lang='lat' dir='ltr'>habet</span> <span class='ocrx_word' id='word_1_220' title='bbox 655 2077 795 2121; x_wconf 80' lang='lat' dir='ltr'>verba</span> <span class='ocrx_word' id='word_1_221' title='bbox 819 2093 879 2121; x_wconf 80' lang='lat' dir='ltr'>ex</span> <span class='ocrx_word' id='word_1_222' title='bbox 904 2076 955 2120; x_wconf 90' lang='lat' dir='ltr'>T.</span> <span class='ocrx_word' id='word_1_223' title='bbox 980 2077 1140 2120; x_wconf 79' lang='lat' dir='ltr'>addita</span> <span class='ocrx_word' id='word_1_224' title='bbox 1171 2075 1192 2127; x_wconf 76' lang='grc' dir='ltr'>’ὴ</span> <span class='ocrx_word' id='word_1_225' title='bbox 1219 2074 1339 2137; x_wconf 79' lang='grc' dir='ltr'>παρὰ</span> <span class='ocrx_word' id='word_1_226' title='bbox 1372 2081 1560 2123; x_wconf 81' lang='grc' dir='ltr'>πολλοῖς</span> <span class='ocrx_word' id='word_1_227' title='bbox 1593 2077 1665 2121; x_wconf 78' lang='grc' dir='ltr'>ἀι·-</span> 
     </span>
     <span class='ocr_line' id='line_1_27' title="bbox 134 2151 1660 2215; baseline -0.001 -17"><span class='ocrx_word' id='word_1_228' title='bbox 134 2154 322 2214; x_wconf 79' lang='grc' dir='ltr'>Θρώποις</span> <span class='ocrx_word' id='word_1_229' title='bbox 357 2151 634 2215; x_wconf 78' lang='grc' dir='ltr'>ξενιζόμενος.</span> <span class='ocrx_word' id='word_1_230' title='bbox 722 2153 777 2197; x_wconf 86' lang='lat' dir='ltr'>In</span> <span class='ocrx_word' id='word_1_231' title='bbox 804 2152 867 2198; x_wconf 88' lang='lat' dir='ltr'>V.</span> <span class='ocrx_word' id='word_1_232' title='bbox 905 2153 1113 2197; x_wconf 76' lang='lat' dir='ltr'>scholion</span> <span class='ocrx_word' id='word_1_233' title='bbox 1157 2160 1240 2205; x_wconf 76' lang='lat' dir='ltr'>est,</span> <span class='ocrx_word' id='word_1_234' title='bbox 1278 2152 1558 2214; x_wconf 72' lang='grc' dir='ltr'>ἐπιστροφὴν</span> <span class='ocrx_word' id='word_1_235' title='bbox 1593 2154 1660 2197; x_wconf 78' lang='grc' dir='ltr'>καὶ</span> 
     </span>
     <span class='ocr_line' id='line_1_28' title="bbox 133 2229 1662 2290; baseline 0.001 -16"><span class='ocrx_word' id='word_1_236' title='bbox 133 2230 377 2282; x_wconf 79' lang='grc' dir='ltr'>ἐπιμέλειαν</span> <span class='ocrx_word' id='word_1_237' title='bbox 419 2231 611 2274; x_wconf 83' lang='grc' dir='ltr'>ἐποιεῖτο</span> <span class='ocrx_word' id='word_1_238' title='bbox 650 2233 735 2274; x_wconf 75' lang='grc' dir='ltr'>τῶν</span> <span class='ocrx_word' id='word_1_239' title='bbox 776 2229 1021 2290; x_wconf 76' lang='grc' dir='ltr'>ἀνθρώπων.</span> <span class='ocrx_word' id='word_1_240' title='bbox 1092 2229 1114 2280; x_wconf 67' lang='lat'>3¹7</span> <span class='ocrx_word' id='word_1_241' title='bbox 1158 2229 1205 2272; x_wconf 76' lang='grc' dir='ltr'>οῧ</span> <span class='ocrx_word' id='word_1_242' title='bbox 1249 2229 1392 2287; x_wconf 74' lang='grc' dir='ltr'>λόγον</span> <span class='ocrx_word' id='word_1_243' title='bbox 1433 2230 1662 2275; x_wconf 77' lang='grc' dir='ltr'>ἐποιοῦντο</span> 
     </span>
     <span class='ocr_line' id='line_1_29' title="bbox 133 2304 1660 2368; baseline 0 -18"><span class='ocrx_word' id='word_1_244' title='bbox 133 2305 291 2353; x_wconf 80' lang='grc' dir='ltr'>πάντες</span> <span class='ocrx_word' id='word_1_245' title='bbox 316 2305 550 2367; x_wconf 78' lang='grc' dir='ltr'>ἅνθρωποι.</span> <span class='ocrx_word' id='word_1_246' title='bbox 599 2306 621 2358; x_wconf 81' lang='grc' dir='ltr'>ὴ</span> <span class='ocrx_word' id='word_1_247' title='bbox 647 2306 935 2368; x_wconf 79' lang='grc' dir='ltr'>ἐπερχόμενος</span> <span class='ocrx_word' id='word_1_248' title='bbox 959 2306 1027 2349; x_wconf 75' lang='grc' dir='ltr'>καὶ</span> <span class='ocrx_word' id='word_1_249' title='bbox 1053 2304 1279 2357; x_wconf 64' lang='grc' dir='ltr'>ἐπιδημῶν.</span> <span class='ocrx_word' id='word_1_250' title='bbox 1352 2305 1484 2349; x_wconf 76' lang='lat' dir='ltr'>Idem</span> <span class='ocrx_word' id='word_1_251' title='bbox 1510 2312 1580 2351; x_wconf 79' lang='lat' dir='ltr'>est</span> <span class='ocrx_word' id='word_1_252' title='bbox 1613 2308 1660 2350; x_wconf 82' lang='lat' dir='ltr'>in</span> 
     </span>
     <span class='ocr_line' id='line_1_30' title="bbox 135 2381 1659 2442; baseline -0.001 -17"><span class='ocrx_word' id='word_1_253' title='bbox 135 2382 213 2436; x_wconf 90' lang='lat' dir='ltr'>H.,</span> <span class='ocrx_word' id='word_1_254' title='bbox 234 2383 423 2442; x_wconf 79' lang='lat' dir='ltr'>praefixo</span> <span class='ocrx_word' id='word_1_255' title='bbox 444 2381 587 2430; x_wconf 74' lang='grc' dir='ltr'>ἄλλως</span> <span class='ocrx_word' id='word_1_256' title='bbox 607 2389 655 2427; x_wconf 82' lang='lat' dir='ltr'>et</span> <span class='ocrx_word' id='word_1_257' title='bbox 675 2382 926 2434; x_wconf 73' lang='grc' dir='ltr'>ποιούμενος</span> <span class='ocrx_word' id='word_1_258' title='bbox 945 2382 1116 2441; x_wconf 81' lang='lat' dir='ltr'>scripto</span> <span class='ocrx_word' id='word_1_259' title='bbox 1142 2398 1224 2441; x_wconf 90' lang='lat' dir='ltr'>pro</span> <span class='ocrx_word' id='word_1_260' title='bbox 1245 2382 1450 2426; x_wconf 81' lang='grc' dir='ltr'>ἐποιεῖτο.</span> <span class='ocrx_word' id='word_1_261' title='bbox 1592 2399 1659 2427; x_wconf 79' lang='lat'>20.</span> 
     </span>
     <span class='ocr_line' id='line_1_31' title="bbox 132 2456 1663 2520; baseline -0.001 -16"><span class='ocrx_word' id='word_1_262' title='bbox 132 2462 228 2510; x_wconf 74' lang='grc' dir='ltr'>ἤτοι</span> <span class='ocrx_word' id='word_1_263' title='bbox 255 2474 345 2503; x_wconf 91' lang='lat' dir='ltr'>om.</span> <span class='ocrx_word' id='word_1_264' title='bbox 372 2458 437 2503; x_wconf 88' lang='lat' dir='ltr'>H.</span> <span class='ocrx_word' id='word_1_265' title='bbox 516 2458 651 2504; x_wconf 78' lang='lat' dir='ltr'>Idem</span> <span class='ocrx_word' id='word_1_266' title='bbox 688 2474 798 2503; x_wconf 85' lang='lat' dir='ltr'>mox</span> <span class='ocrx_word' id='word_1_267' title='bbox 836 2457 1044 2502; x_wconf 68' lang='grc' dir='ltr'>οὐδέποτε</span> <span class='ocrx_word' id='word_1_268' title='bbox 1078 2464 1212 2503; x_wconf 81' lang='grc' dir='ltr'>κεῖται</span> <span class='ocrx_word' id='word_1_269' title='bbox 1250 2456 1371 2520; x_wconf 77' lang='grc' dir='ltr'>παρὰ</span> <span class='ocrx_word' id='word_1_270' title='bbox 1404 2459 1469 2515; x_wconf 75' lang='grc' dir='ltr'>τῷ</span> <span class='ocrx_word' id='word_1_271' title='bbox 1502 2459 1663 2518; x_wconf 82' lang='grc' dir='ltr'>ποιητῇ</span> 
     </span>
     <span class='ocr_line' id='line_1_32' title="bbox 132 2533 1659 2596; baseline -0.001 -17"><span class='ocrx_word' id='word_1_272' title='bbox 132 2534 314 2579; x_wconf 81' lang='grc' dir='ltr'>τοπικὸν</span> <span class='ocrx_word' id='word_1_273' title='bbox 333 2534 390 2579; x_wconf 83' lang='grc' dir='ltr'>τὸ</span> <span class='ocrx_word' id='word_1_274' title='bbox 412 2533 503 2587; x_wconf 73' lang='grc' dir='ltr'>ὧδε,</span> <span class='ocrx_word' id='word_1_275' title='bbox 528 2535 625 2579; x_wconf 81' lang='lat' dir='ltr'>fere</span> <span class='ocrx_word' id='word_1_276' title='bbox 649 2540 701 2578; x_wconf 80' lang='lat' dir='ltr'>ut</span> <span class='ocrx_word' id='word_1_277' title='bbox 729 2533 914 2587; x_wconf 47' lang='lat' dir='ltr'>ENJQV</span> <span class='ocrx_word' id='word_1_278' title='bbox 1122 2539 1188 2580; x_wconf 80' lang='lat'>26.</span> <span class='ocrx_word' id='word_1_279' title='bbox 1215 2533 1659 2596; x_wconf 82' lang='grc' dir='ltr'>Οἶνωτροῖς-Βρεν-</span> 
     </span>
     <span class='ocr_line' id='line_1_33' title="bbox 131 2609 948 2673; baseline -0.001 -18"><span class='ocrx_word' id='word_1_280' title='bbox 131 2611 285 2667; x_wconf 79' lang='grc' dir='ltr'>τησία]</span> <span class='ocrx_word' id='word_1_281' title='bbox 318 2611 859 2673; x_wconf 78' lang='grc' dir='ltr'>οἷνότροις-βρεντήσιον</span> <span class='ocrx_word' id='word_1_282' title='bbox 886 2609 948 2654; x_wconf 89' lang='lat' dir='ltr'>H.</span> 
     </span>
    </p>

    <p class='ocr_par' dir='ltr' id='par_1_9' title="bbox 133 2685 1662 2898">
     <span class='ocr_line' id='line_1_34' title="bbox 201 2685 1662 2746; baseline -0.001 -15"><span class='ocrx_word' id='word_1_283' title='bbox 201 2687 252 2731; x_wconf 89' lang='lat' dir='ltr'>P.</span> <span class='ocrx_word' id='word_1_284' title='bbox 279 2703 405 2746; x_wconf 84' lang='lat'><strong>35,1.</strong></span> <span class='ocrx_word' id='word_1_285' title='bbox 443 2685 935 2744; x_wconf 71' lang='grc' dir='ltr'>Τεμέση-Τέμψαν]</span> <span class='ocrx_word' id='word_1_286' title='bbox 982 2685 1210 2730; x_wconf 75' lang='lat' dir='ltr'>Similiter</span> <span class='ocrx_word' id='word_1_287' title='bbox 1247 2687 1295 2730; x_wconf 85' lang='lat' dir='ltr'>in</span> <span class='ocrx_word' id='word_1_288' title='bbox 1330 2685 1393 2730; x_wconf 90' lang='lat' dir='ltr'>H.</span> <span class='ocrx_word' id='word_1_289' title='bbox 1427 2687 1556 2734; x_wconf 88' lang='grc' dir='ltr'>πόλις</span> <span class='ocrx_word' id='word_1_290' title='bbox 1593 2686 1662 2729; x_wconf 79' lang='grc' dir='ltr'>κύ-</span> 
     </span>
     <span class='ocr_line' id='line_1_35' title="bbox 133 2760 1658 2824; baseline 0 -18"><span class='ocrx_word' id='word_1_291' title='bbox 133 2782 260 2824; x_wconf 86' lang='grc' dir='ltr'>πρου,</span> <span class='ocrx_word' id='word_1_292' title='bbox 285 2760 397 2807; x_wconf 76' lang='grc' dir='ltr'>κατὰ</span> <span class='ocrx_word' id='word_1_293' title='bbox 431 2761 476 2806; x_wconf 71' lang='lat' dir='ltr'>‹le&#39;</span> <span class='ocrx_word' id='word_1_294' title='bbox 503 2782 621 2810; x_wconf 81' lang='grc' dir='ltr'>τινας</span> <span class='ocrx_word' id='word_1_295' title='bbox 650 2766 725 2813; x_wconf 82' lang='grc' dir='ltr'>τῆς</span> <span class='ocrx_word' id='word_1_296' title='bbox 759 2763 942 2813; x_wconf 84' lang='grc' dir='ltr'>ἶταλίας,</span> <span class='ocrx_word' id='word_1_297' title='bbox 969 2764 991 2813; x_wconf 79' lang='grc' dir='ltr'><em>ἦ</em></span> <span class='ocrx_word' id='word_1_298' title='bbox 1022 2765 1087 2806; x_wconf 81' lang='grc' dir='ltr'>νῦν</span> <span class='ocrx_word' id='word_1_299' title='bbox 1111 2761 1366 2823; x_wconf 69' lang='grc' dir='ltr'>βρενόήσιον</span> <span class='ocrx_word' id='word_1_300' title='bbox 1397 2762 1658 2814; x_wconf 69' lang='grc' dir='ltr'>καλουμένηέ</span> 
     </span>
     <span class='ocr_line' id='line_1_36' title="bbox 133 2836 1658 2898; baseline -0.002 -15"><span class='ocrx_word' id='word_1_301' title='bbox 133 2845 249 2883; x_wconf 74' lang='lat' dir='ltr'>—et</span> <span class='ocrx_word' id='word_1_302' title='bbox 270 2840 412 2898; x_wconf 76' lang='lat' dir='ltr'>juxta</span> <span class='ocrx_word' id='word_1_303' title='bbox 435 2839 533 2884; x_wconf 81' lang='lat' dir='ltr'>haec</span> <span class='ocrx_word' id='word_1_304' title='bbox 558 2839 712 2893; x_wconf 67' lang='lat' dir='ltr'>Verba,</span> <span class='ocrx_word' id='word_1_305' title='bbox 735 2836 918 2882; x_wconf 71' lang='grc' dir='ltr'>κάλλιον</span> <span class='ocrx_word' id='word_1_306' title='bbox 943 2837 985 2882; x_wconf 66' lang='grc' dir='ltr'>δὲ</span> <span class='ocrx_word' id='word_1_307' title='bbox 1018 2839 1150 2882; x_wconf 85' lang='grc' dir='ltr'>πόλιν</span> <span class='ocrx_word' id='word_1_308' title='bbox 1174 2839 1319 2896; x_wconf 70' lang='grc' dir='ltr'>λέγειν</span> <span class='ocrx_word' id='word_1_309' title='bbox 1345 2839 1580 2884; x_wconf 77' lang='grc' dir='ltr'>Θετταλίας</span> <span class='ocrx_word' id='word_1_310' title='bbox 1604 2836 1658 2880; x_wconf 78' lang='grc' dir='ltr'>τὸ</span> 
     </span>
    </p>
   </div>
   <div class='ocr_carea' id='block_1_5' title="bbox 136 2911 1661 2975">
    <p class='ocr_par' dir='ltr' id='par_1_10' title="bbox 136 2911 1661 2975">
     <span class='ocr_line' id='line_1_37' title="bbox 136 2911 1661 2975; baseline -0.001 -18"><span class='ocrx_word' id='word_1_311' title='bbox 136 2918 199 2958; x_wconf 72' lang='grc' dir='ltr'>νῦν</span> <span class='ocrx_word' id='word_1_312' title='bbox 222 2915 480 2967; x_wconf 80' lang='grc' dir='ltr'>καλούμενον</span> <span class='ocrx_word' id='word_1_313' title='bbox 512 2915 771 2975; x_wconf 76' lang='grc' dir='ltr'>βροτήσιον,</span> <span class='ocrx_word' id='word_1_314' title='bbox 798 2914 908 2958; x_wconf 78' lang='grc' dir='ltr'>ὅπου</span> <span class='ocrx_word' id='word_1_315' title='bbox 939 2915 1007 2958; x_wconf 69' lang='grc' dir='ltr'>καὶ</span> <span class='ocrx_word' id='word_1_316' title='bbox 1043 2916 1064 2958; x_wconf 91' lang='grc' dir='ltr'>ὁ</span> <span class='ocrx_word' id='word_1_317' title='bbox 1096 2913 1258 2974; x_wconf 75' lang='grc' dir='ltr'>χαλκὸς</span> <span class='ocrx_word' id='word_1_318' title='bbox 1288 2915 1454 2971; x_wconf 73' lang='grc' dir='ltr'>γίνεται</span> <span class='ocrx_word' id='word_1_319' title='bbox 1482 2915 1503 2957; x_wconf 88' lang='grc' dir='ltr'>ὁ</span> <span class='ocrx_word' id='word_1_320' title='bbox 1529 2911 1661 2960; x_wconf 75' lang='grc' dir='ltr'>καλὸς</span> 
     </span>
    </p>
   </div>
  </div>
 </body>
</html>
