1917 3183
725 98 1133 144 PRAEFATIO.
1640 103 1687 145 ix

166 219 363 263 duorum
406 217 603 263 aliorum
645 218 855 276 ejusdem
899 218 1206 265 Bibliothecae
1243 220 1317 278 (B.
1355 227 1404 266 et
1448 221 1522 279 E.)
1565 235 1690 279 saepe

166 296 309 340 tacite
348 309 447 339 esse
483 294 541 339 ab
576 294 708 338 Maio
741 302 1012 347 correctam,
1052 298 1306 355 pracsertim
1350 298 1396 341 in
1440 297 1552 342 locis
1592 296 1690 340 Ho-

164 370 362 422 mericis,
387 385 502 428 quos
534 369 793 415 scholiasta}
821 371 971 415 citant
1003 370 1241 430 plurimos,
1267 372 1347 417 scd
1374 387 1499 431 saepe
1524 372 1690 417 vitiose

165 446 374 505 scriptos.
425 446 563 500 Quod
591 447 678 492 etsi
705 445 890 491 Maium
913 452 995 491 aut
1020 462 1113 492 non
1140 447 1303 493 fecisse
1331 449 1579 494 mallemus
1608 455 1691 493 aut

163 523 345 567 monito
381 522 556 568 lectore
594 523 774 577 fecisse,
808 528 967 568 tamen
1003 523 1145 568 hodie
1180 526 1386 569 excussis
1423 525 1524 570 aliis
1560 525 1692 570 scho-

164 598 334 644 liorum
371 600 620 652 codicibus,
657 600 806 658 iisque
843 600 1012 659 partim
1049 600 1332 653 melioribus,
1363 603 1556 647 minoris
1593 618 1691 646 mo-

163 677 312 720 menti
349 683 420 721 est
443 692 582 735 quam
618 676 912 721 Buttmanno
948 691 1047 721 esse
1078 677 1336 729 videbatur,
1363 679 1560 731 verenti,
1593 681 1692 738 opi-

163 767 260 805 nor,
287 768 345 797 ne
367 752 525 797 Maius
545 753 747 798 diversas
771 754 938 812 quibus
962 753 1221 798 scholiastae
1246 755 1314 798 usi
1343 756 1432 798 sint
1462 755 1689 800 lectiones

163 824 353 888 vulgata
393 830 648 874 substituta
689 830 948 874 editionum
993 830 1219 889 scriptura
1261 831 1428 889 passim
1475 831 1691 876 obscura-

162 906 295 958 verit,
322 908 444 965 quod
467 908 543 950 vix
568 922 765 965 usquam
785 907 960 951 factum
987 921 1086 951 esse
1112 907 1310 952 videtur.

229 982 543 1028 Ambrosiano
565 982 621 1037 Q.
642 983 798 1042 aliqua
822 998 882 1026 ex
908 989 1038 1042 parte
1064 983 1226 1028 similis
1251 989 1321 1028 est
1340 983 1390 1028 T.
1417 985 1513 1029 sive
1538 984 1688 1029 codex

162 1059 548 1120 HamburgeusiS,
591 1060 795 1104 breviter
835 1060 1094 1118 descriptus
1135 1075 1161 1104 a
1199 1059 1311 1104 Chr.
1341 1060 1598 1106 Peterseno
1641 1063 1689 1105 in

162 1136 374 1182 Historia
399 1136 710 1181 Bibliothecae
737 1136 1128 1196 Hamburgensis,
1153 1153 1258 1195 quae
1286 1137 1550 1198 Hamburgi
1583 1154 1689 1198 pro-

161 1215 247 1259 diit
278 1229 317 1258 a.
346 1213 497 1274 1838„
524 1229 565 1272 p.
594 1225 715 1274 195„
751 1214 940 1258 uberius
974 1213 1033 1258 ab
1064 1212 1119 1257 L.
1143 1213 1364 1267 Prellero‚
1398 1215 1476 1273 qui
1513 1215 1689 1260 scholia

159 1290 297 1350 hujus
333 1291 504 1335 codicis
544 1290 746 1350 plurima
787 1290 934 1335 edidit
971 1290 1150 1334 duabus
1190 1291 1238 1334 in
1277 1292 1689 1336 commentationi-

159 1367 259 1420 bus,
303 1383 416 1426 quas
459 1366 611 1412 Indici
652 1366 930 1412 Lectionum
976 1382 1078 1425 quae
1120 1368 1167 1411 in
1207 1366 1528 1412 Universitate
1570 1367 1687 1412 Dor-

160 1444 339 1503 patensi
365 1460 448 1504 per
472 1445 564 1489 duo
588 1445 699 1489 anni
727 1446 864 1505 1839.
890 1445 1133 1489 semestria
1166 1444 1390 1489 habendae
1415 1453 1550 1489 erant
1574 1460 1688 1504 prae-

159 1522 298 1574 misit,
335 1529 382 1566 et
419 1522 476 1566 de
513 1522 672 1567 codice
711 1523 809 1581 ipso
846 1522 1040 1581 ejusque
1079 1522 1135 1567 ad
1173 1522 1287 1567 alios
1326 1521 1467 1567 libros
1505 1524 1686 1567 ratione

107 1607 113 1615 ¹
160 1599 279 1644 dixit
304 1614 405 1658 quae
429 1599 551 1643 infra
575 1599 722 1658 posui.

227 1682 251 1698 “
267 1675 430 1720 Codex
455 1681 527 1720 est
551 1675 873 1734 bombycinus,
894 1677 1042 1721 forma
1066 1676 1244 1734 majori,
1271 1675 1546 1736 paginarum
1576 1677 1684 1721 228.

161 1749 388 1795 Continet
427 1750 685 1810 Odyssean]
726 1767 874 1810 usque
916 1752 974 1796 ad
1010 1750 1064 1804 Ξ,
1091 1753 1168 1812 67.
1200 1768 1308 1796 cum
1347 1752 1548 1796 scholiis.
1627 1751 1684 1797 In

161 1826 315 1871 fronte
340 1827 456 1879 libri,
484 1827 663 1886 postica
687 1826 912 1872 involucri
939 1834 1082 1887 parte,
1109 1828 1331 1887 leguntur
1354 1827 1451 1872 haec
1477 1834 1488 1852 ‘
1511 1827 1685 1873 Manu-

159 1903 382 1961 scriptum
410 1904 496 1947 hoc
521 1903 741 1948 mutilum
762 1905 954 1948 donavit
978 1904 1270 1948 bibliothecae
1294 1910 1464 1949 nostrae
1485 1903 1553 1949 M.
1574 1904 1684 1949 Rei-

158 1993 313 2023 marus
336 1979 474 2040 1687.
500 1995 562 2024 m.
586 1980 708 2024 Jan.'
734 1981 810 2039 qui
840 1979 1088 2025 Reimarus
1125 1987 1196 2025 est
1231 1981 1373 2024 homo
1409 1981 1683 2038 ceteroquin

157 2056 359 2116 ignotus,
385 2057 618 2115 antiquior
648 2057 850 2116 gentilis,
876 2063 929 2101 ut
955 2057 1157 2111 videtur,
1185 2055 1250 2100 H.
1278 2056 1325 2101 S.
1352 2055 1576 2109 Reimari,
1605 2058 1683 2115 qui

157 2139 256 2177 erat
280 2149 425 2193 gener
449 2132 664 2178 Fabricii.
736 2133 876 2178 Unde
906 2140 954 2178 et
980 2149 1181 2192 quonam
1219 2134 1358 2178 modo
1395 2134 1545 2178 codex
1581 2149 1685 2193 per-

159 2211 337 2254 venerit
368 2211 426 2254 ad
452 2210 723 2255 Reimarum
760 2212 1015 2270 ignoratur.
1087 2210 1224 2264 Quod
1263 2211 1321 2255 ad
1358 2216 1545 2255 {etatem
1582 2211 1682 2269 ejus

156 2287 340 2340 attinet,
367 2287 547 2332 facilius
579 2287 853 2331 assenserim
880 2288 933 2331 iis
958 2288 1036 2346 qui
1063 2287 1220 2332 seculo
1246 2288 1387 2332 tertio
1414 2287 1487 2332 vel
1514 2294 1681 2346 quarto

157 2363 339 2408 decimo
364 2379 467 2408 cum
495 2365 732 2424 assignant
751 2380 888 2423 quam
911 2364 991 2422 qui
1018 2364 1310 2408 duodecimo.
1365 2363 1544 2407 Textus
1570 2364 1682 2408 satis

157 2440 373 2501 diligenti
409 2456 551 2485 manu
584 2442 783 2500 scriptus
816 2447 887 2484 est
922 2455 1008 2484 nec
1045 2440 1129 2483 nisi
1168 2440 1489 2484 usitatioribus
1526 2439 1684 2484 litera-

156 2533 257 2562 rum
292 2519 579 2578 compendiis
610 2519 771 2563 utitur.
843 2518 1049 2577 Singulae
1082 2518 1254 2562 codicis
1292 2519 1469 2577 paginae
1505 2517 1681 2562 habent

156 2610 314 2639 versus
336 2607 411 2654 25.
432 2595 505 2640 vel
529 2596 603 2639 26.
663 2594 852 2639 Desunt
870 2610 1030 2640 versus
1056 2594 1122 2647 M,
1146 2594 1388 2648 221.—N‚
1411 2610 1521 2654 309.
1576 2593 1681 2638 Sin-

154 2673 272 2730 gulae
308 2671 562 2730 rhapsodiae
598 2671 912 2716 inscribuntur
947 2677 996 2715 et
1027 2671 1180 2716 titulis
1205 2671 1470 2730 vulgaribus
1502 2677 1551 2715 et
1580 2686 1681 2716 ver-

155 2747 280 2792 sibus
318 2748 407 2792 illis
443 2748 634 2792 rudibus
671 2755 720 2793 et
758 2748 970 2800 inficetis,
1009 2747 1139 2792 velut
1174 2745 1539 2808 prima‚’'A>x<pa‚
1578 2749 1680 2791 Θεῶν

155 2822 541 2884 ἀγορὴ,Ὀόυσ-η”ι”δι
573 2822 781 2868 Παλλάδι
809 2823 988 2885 Θάρσος,
1013 2824 1232 2876 secunda,
1260 2823 1371 2874 Bfiv'
1390 2822 1556 2883 ἀγορὴν
1575 2822 1678 2882 ἔχει,

155 2901 221 2949 ἤϊα
247 2898 391 2960 γρηὸς,
417 2904 552 2948 πλοῦς
576 2902 671 2952 μετ’
691 2898 895 2949 Ἀθάνας,
922 2906 969 2944 et
994 2900 1058 2944 SlC
1083 2915 1231 2958 porro.
1286 2898 1391 2943 Jam
1420 2899 1474 2942 ad
1503 2897 1677 2942 Scholia
