1907 3270
212 119 296 161 172

774 114 1084 153 ΟΔΎΣΣΕΙΑΣ
1120 115 1168 151 Δ.

210 219 251 272 ἐξ
268 215 525 278 Ἀλεξάνδρου
553 213 661 275 γόνον
683 214 742 274 μη
768 217 868 276 σχῇ.
917 212 953 258 οἱ
974 212 1014 258 δὲ
1038 209 1206 274 νεώτεροι
1227 211 1394 268 Ἑλένης
1416 211 1488 271 μὲν
1513 209 1579 256 καὶ
1600 212 1741 264 Ἀλεξ-

211 294 344 356 άνδρου
364 290 530 355 Κύρυθον
547 288 761 348 ἢ”Ελενον,
787 289 830 335 ἐκ
854 289 894 335 δὲ
914 290 1122 335 Μενελάου
1142 288 1417 350 Νικόστρατον
1440 292 1738 349 γενεαλογοῦσι.

213 373 388 415 Η.Ε.Θ.

277 445 563 507 Μεγαπένθης]
597 443 641 489 ἐκ
664 448 732 489 τοῦ
757 442 945 503 ὀνόματος
969 441 1086 498 δηλοῖ
1105 440 1162 487 ὅτι
1187 439 1295 501 μετὰ
1319 440 1388 496 την
1406 440 1588 504 ἁρπαγὴν
1607 445 1742 485 τοῦτον

212 523 344 585 ἔσχεν.
385 526 501 569 ΘᾸῙ.

282 617 346 645 12.
372 598 415 644 ἐκ
438 598 597 655 δούλης]
631 598 759 657 οἱμὲν
783 596 907 659 κύριον
924 593 968 641 τό
988 594 1162 651 Δούλης,
1190 595 1226 640 οἱ
1248 594 1287 640 δὲ
1311 593 1526 656 Τηριδάης·
1562 592 1741 655 Τηριδάη

208 676 287 739 γὰρ
313 673 356 721 τὸ
381 675 506 738 κύριον
530 674 655 730 αὐτῆς
680 672 813 734 ὄνομα.
851 676 1089 718 M.Q.T.V.

276 750 392 809 veiim,
413 753 463 803 ὦς
485 752 556 812 μὲν
575 749 777 804 Ἀλεξίων,
795 746 942 812 Τειρῖς,
963 748 1012 799 ὦς
1036 748 1076 793 δὲ
1101 747 1188 793 ’ἔνιοι
1211 745 1349 810 Τηρῖς,
1377 747 1551 809 θυγάτηρ
1575 745 1743 801 Ζευξίπ-

212 919 305 950 τοῧτο
336 913 437 960 λέγων
454 912 606 961 ’Ὀμηρος,
634 913 686 946 ἵνα
716 912 766 946 ἐπὶ
796 915 949 946 πλεῖστον

210 970 364 1015 ἀκμάσῃ.
419 969 445 1001 οἳ
482 966 514 1001 δὲ
549 968 687 1012 νεώτεροι
725 965 855 1008 Ἑλένης
893 963 950 1007 μὲν

211 1022 268 1056 καὶ
290 1017 499 1067 Ἀλεξάνδρου
533 1018 662 1066 Κόρυθον
697 1017 882 1061 ἢἽΞλενον,
916 1020 950 1051 ἐκ

211 1074 243 1110 δὲ
278 1076 447 1109 Μενελάου
483 1072 705 1118 Νικόστρατον
738 1074 949 1117 γενεαλογοῦ-

212 1144 275 1163 σιν.
336 1128 451 1162 Porro
486 1126 522 1161 in
561 1125 666 1161 HR.
701 1124 783 1160 haec
815 1124 947 1171 legun-

212 1187 286 1223 tur,
316 1184 343 1215 οἱ
372 1183 511 1227 νεώτεροι
541 1179 596 1214 ὑπὸ
619 1176 827 1225 Ἀλεξάνδρου
856 1177 946 1224 γενέ-

213 1237 293 1269 σθαι
315 1237 401 1281 αὐτῇ
420 1233 549 1281 Κόρυθον
567 1231 741 1274 ἢ“Ἐλενον,
764 1235 799 1266 ἐκ
823 1230 853 1266 δὲ
877 1235 947 1265 Με-

212 1289 326 1322 νελάου
365 1287 586 1332 Νικόστρατος
623 1287 736 1331 (corr.
760 1284 946 1330 Νικόστρα-

213 1340 297 1384 τον).
356 1340 446 1374 Post
467 1352 547 1386 quae
574 1339 612 1374 in
636 1343 794 1385 utroque
819 1337 947 1373 codice

214 1393 394 1440 sequitur,
418 1396 450 1428 ἐκ
472 1395 602 1436 δούληςι
636 1394 732 1435 αὕτη,
755 1395 793 1432 ὡς
811 1390 871 1436 μὲν
890 1394 946 1425 'A-

213 1445 324 1488 λεξῖων
344 1451 414 1482 etc.

274 1512 303 1535 Ι.
324 1500 429 1546 γόνον]
454 1501 560 1534 παῖδα
579 1498 626 1533 V.

271 1565 301 1588 2.
325 1552 565 1599 Νικόστρατον]
600 1551 716 1586 Hunc
737 1555 949 1587 memorant

217 1606 334 1642 schol.
358 1605 473 1653 Soph.
495 1605 551 1640 El.
575 1616 663 1653 539.
688 1617 733 1640 ex
763 1604 948 1645 Hesiodo,

216 1659 389 1707 Apollod.
408 1671 444 1706 3,
464 1671 523 1700 11,
543 1670 573 1694 Ι.
614 1659 772 1694 Pausan.
791 1670 824 1700 2,
839 1657 898 1699 18,
915 1657 947 1692 6.

216 1725 252 1760 3,
271 1713 330 1753 18,
350 1724 410 1758 13.

270 1766 306 1801 6.
327 1767 686 1814 Τηριδάης-Τηριδάη
706 1764 818 1801 M.V.
867 1779 950 1812 τορι-

215 1822 472 1867 δάης-τοριδάη
488 1819 535 1862 Q.
576 1821 950 1865 στειρηδάης-στειρη-

215 1875 275 1917 δοίη
295 1873 339 1910 Τ.
397 1872 649 1920 Apollodorus
675 1883 712 1917 3,
736 1884 793 1913 11,
816 1884 848 1907 1.
875 1876 946 1906 Με-

214 1924 326 1967 νέλαος
344 1926 403 1972 μὲν
423 1923 471 1961 οἶν
491 1924 839 1973 ἐξ”Ελε’νης“Ερμιο’νην
859 1927 948 1971 ἐγέν-

214 1995 291 2023 νησε
321 1980 375 2014 καὶ
409 1981 501 2014 κατά
530 1994 618 2019 τινας
647 1978 883 2025 Νικόστρατον,
914 1981 947 2012 ἐκ

216 2034 325 2074 δούλης
340 2033 490 2079 Πιερίδος,
506 2031 592 2078 γένος
607 2031 790 2072 Αἰτωλίδος,
807 2029 825 2074 ἢ
841 2032 948 2065 καθά-

215 2100 271 2132 περ
299 2085 508 2125 Ἀκουσίλαός
538 2090 634 2130 φησι,
665 2086 818 2131 Τηριδάης
851 2082 951 2129 (libri

216 2137 382 2185 plerique
396 2138 548 2186 τηρηΐδος)
565 2135 774 2182 Μεγαπένθη,
788 2140 823 2171 ἐκ
838 2141 948 2171 Κνωσ-

217 2193 292 2233 σίας
312 2192 342 2227 δὲ
364 2194 500 2240 νύμφης,
522 2193 614 2225 κατὰ
632 2190 788 2236 Εὔμηλον,
811 2190 948 2227 Ξενόδα-

216 2260 285 2291 μον.

274 2308 307 2344 7.
327 2298 408 2345 γὰρ]
432 2297 464 2333 δὲ
485 2297 542 2333 Μ.

274 2351 309 2387 8.
344 2351 429 2386 Ηοο
463 2351 632 2386 scholion
663 2350 790 2386 Maius
824 2361 866 2384 ex
900 2350 949 2393 Q.

218 2405 334 2440 edidit
373 2404 426 2439 sic
465 2405 657 2452 scriptum,
692 2406 789 2447 αὕτη,
824 2406 862 2443 ὡς
893 2404 951 2448 μὸν

216 2456 381 2499 Ἀλεξίων,
407 2459 488 2504 Γῆρι,
511 2461 548 2498 ὡς
568 2457 599 2493 δὲ
620 2455 690 2492 ἔνιοι
712 2459 854 2504 θυγάτηρ
871 2457 953 2498 τινὸς

217 2508 403 2551 Ζευξίππου·
435 2514 473 2551 ὡς
493 2510 524 2545 δὲ
545 2513 557 2545 ὅ
578 2514 640 2545 τῶν
657 2510 792 2545 Νόστων
811 2510 950 2554 ποιητὴς,

217 2564 253 2599 ’τὸ
284 2565 340 2606 τῆς
372 2565 478 2606 δούλης
507 2565 605 2610 κύριον
637 2560 747 2607 ὄνομα.
796 2564 885 2610 φασὶ
919 2562 949 2598 δὲ

216 2616 374 2662 μηδέποτε
403 2615 509 2662 λέγειν
532 2617 584 2650 τὶν
607 2616 736 2658 ποιητὴν
761 2617 869 2660 δούλην
893 2616 950 2659 τὴν

219 2672 425 2717 θεράπαιναν·
458 2669 500 2703 διὸ
516 2669 571 2702 καὶ
587 2669 623 2703 τὸ
639 2673 677 2703 et
692 2668 844 2715 reliqua.
877 2669 948 2705 Ce-

217 2727 383 2758 terorum
414 2721 593 2756 librorum
617 2721 838 2768 scripturam
859 2735 948 2758 con-

217 2774 397 2811 sideranti
412 2774 474 2810 vix
491 2773 644 2809 dubium
661 2774 848 2810 videbitur
861 2776 946 2822 quin

219 2828 369 2864 easdem
400 2827 476 2863 fere
506 2827 734 2874 corruptelas
764 2828 800 2862 in
823 2828 869 2871 Q.
892 2829 946 2863 in-

216 2882 361 2918 venerit
385 2880 522 2920 Maius,
552 2880 617 2915 sed
648 2886 835 2927 utcunque
865 2894 945 2916 cor-

216 2935 339 2982 rigere
356 2934 635 2976 studueritmon
651 2934 948 2970 animadvertens

1007 924 1116 958 quam
1148 911 1331 946 absonum
1364 911 1411 946 sit
1439 910 1557 945 veteri
1588 915 1650 946 τῶν
1675 911 1740 946 No'-

1007 980 1092 999 στων
1125 970 1246 1011 poetae
1281 969 1537 1000 commentum
1570 964 1662 999 illud
1696 964 1741 999 de

1007 1020 1127 1061 Δούλης
1169 1017 1321 1053 nomine
1369 1017 1520 1066 proprio
1568 1018 1740 1065 supponi,

1008 1071 1108 1118 quod
1129 1084 1150 1106 a
1170 1071 1417 1119 grammatico
1434 1071 1558 1118 aliquo
1577 1071 1739 1107 Alexan-

1007 1125 1113 1160 drino
1135 1125 1392 1172 excogitatum
1414 1129 1482 1160 est.
1530 1124 1643 1168 Quod
1663 1125 1739 1160 Eu-

1006 1178 1185 1214 stathium
1221 1191 1367 1225 quoque
1404 1178 1516 1225 fugit,
1550 1178 1656 1225 cujus
1694 1190 1741 1214 ex

1004 1232 1128 1267 verbis
1163 1237 1317 1279 apparet
1350 1231 1518 1267 scholion
1554 1231 1626 1267 hoc
1659 1232 1740 1279 jam

1006 1285 1102 1320 illius
1132 1290 1242 1321 aetate
1272 1291 1488 1332 corruptum
1514 1284 1651 1321 fuisse:
1683 1286 1741 1328 τὴν

1005 1339 1037 1374 δὲ
1058 1340 1298 1386 διαληφθεῖσαν
1319 1341 1427 1382 δούλην
1444 1336 1621 1379 Ζευξίππου
1636 1339 1675 1373 τέ
1689 1355 1739 1374 τι-

1005 1407 1048 1433 νος
1070 1389 1152 1427 εἷπον
1173 1391 1337 1438 θυγατέρα
1358 1395 1412 1426 καὶ
1433 1393 1530 1438 κύριον
1551 1394 1650 1434 αὐτῆς
1670 1390 1739 1433 ἐξέ-

1006 1447 1093 1480 θεντο
1125 1443 1236 1490 ἕνομα,
1267 1444 1298 1480 οῧ
1328 1445 1364 1480 τὸ
1395 1444 1525 1491 ἀκριβὲς
1554 1445 1681 1492 ἀφανὲς
1710 1449 1741 1480 ἐν

1005 1503 1069 1539 τοῖς
1097 1503 1248 1539 παλαιοῖς
1275 1500 1511 1544 ὑπομνήμασιν.
1556 1499 1611 1532 καὶ
1638 1500 1651 1533 ὃ
1680 1503 1741 1533 τὲἔν

1007 1551 1143 1586 Νόστων
1174 1552 1208 1587 δέ
1241 1558 1329 1600 φασι
1363 1551 1488 1594 ποιητὴς
1519 1553 1617 1598 κύριον
1644 1549 1742 1596 ’ὄνομα

1006 1605 1095 1651 λέγει
1125 1606 1161 1640 τὸ
1196 1608 1330 1648 Δούλης.
1390 1604 1532 1640 Similis
1566 1605 1612 1640 de
1646 1605 1740 1652 δέκτῃ

1007 1658 1065 1694 vel
1086 1658 1193 1705 Δέκτῃ
1214 1658 1396 1694 dubitatio
1417 1663 1474 1693 est
1494 1657 1590 1694 infra
1606 1660 1632 1699 δ,
1650 1658 1739 1703 248.

1007 1717 1044 1747 et
1065 1711 1111 1747 de
1132 1709 1249 1760 ἰφθίμη
1269 1712 1329 1747 vel
1346 1713 1480 1760 Ἰφθίμη
1501 1714 1528 1752 δ,
1555 1720 1655 1760 792.,
1680 1712 1740 1747 ubi

1007 1765 1152 1800 mireris
1174 1765 1219 1800 de
1239 1765 1390 1800 nomine
1411 1765 1561 1812 proprio
1580 1765 1740 1800 dubitari

1007 1819 1175 1867 potuisse
1205 1819 1250 1854 ab
1271 1819 1504 1854 Aristarcho.
1562 1818 1668 1854 Dixit
1695 1819 1741 1854 de

1006 1873 1078 1908 hoc
1099 1884 1237 1920 genere
1259 1872 1452 1907 nominum
1474 1872 1646 1908 Nitzsch.
1667 1873 1739 1908 vol.

1005 1937 1044 1971 3.
1066 1939 1100 1973 p.
1127 1938 1187 1973 29.

1059 1979 1159 2025 Τειρὶς
1179 1978 1237 2014 Μ.
1277 1980 1371 2025 τῆρῖα
1393 1979 1478 2025 (Sic)
1506 1978 1558 2014 H.
1602 1981 1671 2026 γῆρι
1693 1979 1740 2022 Q.

1008 2031 1056 2067 R.
1110 2032 1302 2078 Scriptura
1323 2038 1510 2079 corrupta,
1532 2044 1642 2079 quam
1663 2045 1740 2068 non

1007 2085 1235 2120 dubitassem
1283 2084 1322 2119 in
1361 2087 1464 2133 Πιερὶς
1507 2090 1665 2126 mutare,
1710 2086 1740 2121 si

1008 2138 1097 2173 satis
1124 2143 1268 2173 certum
1290 2137 1478 2173 videretur
1498 2138 1598 2185 quod
1618 2150 1665 2173 ex
1686 2139 1739 2174 A-

1007 2191 1203 2238 pollodoro
1232 2203 1344 2238 supra
1373 2191 1577 2227 memoravi
1602 2192 1742 2239 Πιερίδος

1007 2257 1158 2286 nomen,
1176 2244 1275 2292 quod
1292 2256 1422 2279 vereor
1442 2257 1487 2280 ne
1509 2245 1628 2292 ipsum
1646 2257 1738 2292 quo—

1008 2310 1079 2345 que
1100 2303 1317 2345 corruptum
1339 2298 1398 2339 sit,
1417 2298 1487 2333 nisi
1508 2298 1650 2345 gentile
1671 2304 1739 2340 est,

1008 2351 1109 2398 quod
1129 2351 1283 2399 Heynio
1303 2350 1512 2393 videbatur,
1537 2352 1598 2398 qui
1618 2355 1651 2386 ἐκ
1674 2354 1740 2387 δού-

1007 2411 1063 2449 λης
1093 2406 1236 2452 Πιερίδος
1265 2404 1352 2451 ’γένος
1380 2404 1397 2449 ἢ
1428 2407 1602 2446 Αἰτωλίδος
1631 2404 1739 2440 scribi

1007 2457 1168 2494 volebat.

1061 2512 1151 2555 Τηρὶς
1180 2512 1340 2559 θυγάτηρ]
1377 2511 1436 2547 Sic
1466 2511 1611 2547 correxi
1639 2512 1740 2558 quod

1007 2564 1046 2599 in
1079 2564 1238 2599 HMR.
1270 2569 1307 2599 et
1342 2570 1383 2600 ut
1418 2565 1587 2612 suspicor
1619 2565 1656 2599 in
1689 2564 1738 2608 Q.

1007 2630 1154 2664 quoque
1188 2623 1244 2653 est
1279 2620 1449 2664 θυγατῆρις
1482 2620 1636 2665 Θυγάτηρ,
1668 2617 1738 2652 nisi

1008 2671 1108 2717 quod
1127 2671 1165 2706 in
1186 2670 1243 2706 M.
1295 2672 1465 2718 θυγατηρὶς
1487 2671 1680 2717 scriptum,
1701 2671 1739 2705 in

1008 2724 1054 2759 R.
1076 2726 1248 2771 θυγατηρις
1278 2725 1357 2759 sine
1387 2729 1555 2759 accentu.
1614 2723 1739 2758 Mani-

1005 2776 1142 2812 festum
1159 2782 1216 2812 est
1230 2783 1394 2812 veterem
1412 2776 1739 2823 librarium,quum

1005 2830 1050 2865 ab
1071 2830 1222 2865 nomine
1242 2832 1332 2877 Τηρῖς
1355 2830 1402 2865 ad
1432 2829 1643 2876 proximum
1670 2842 1735 2864 vo-

1005 2883 1178 2918 cabulum
1199 2884 1407 2918 aberrasset
1435 2883 1566 2917 iisdem
1591 2882 1737 2918 finitum

1003 2935 1118 2971 literis
1154 2948 1173 2971 a
1208 2936 1339 2983 quibus
1371 2938 1461 2983 Τηρίς
1493 2935 1633 2983 incipit,
1670 2935 1737 2971 ob-
