1907 3270
664 130 1068 177 PRAEFATIO.
1604 131 1634 176 li

172 241 226 290 P.
252 250 344 298 162,
373 261 440 302 27.
458 243 656 294 ”Αλλως.
695 246 843 298 ἀμνίον
868 262 957 291 om.
983 246 1044 291 H.
1096 246 1224 293 Nam
1249 247 1459 293 scholion
1485 245 1634 298 ἅμνιον

104 322 155 370 ὡς·
180 323 327 373 πήνιον
353 321 635 380 (8ῘΟ)-αὑτο’
660 325 774 383 φασι
801 323 945 368 habet
971 329 1076 382 post
1099 321 1215 383 λέξις
1239 340 1284 384 p.
1312 328 1403 382 163,
1424 341 1464 381 3.

171 398 224 444 P.
247 404 339 458 163,
363 416 400 444 2.
430 398 477 460 ὃ]
507 398 550 443 δὲ
578 398 638 444 Η.
848 417 911 456 19.
938 400 1212 461 ἀντὶ-ἦρχε
1238 406 1285 445 et
1312 399 1356 444 δὲ
1380 415 1470 445 om.
1501 399 1564 443 H.

172 474 224 519 P.
249 479 341 530 164,
364 492 430 520 20.
456 473 610 530 διπλᾶ]
643 473 778 519 ὃιπλὰ
806 474 883 527 Η.,
910 490 1003 519 non
1029 473 1186 527 διπλὴν
1210 483 1264 520 ut
1290 475 1552 520 Cramerus.

172 550 223 595 P.
249 556 344 609 165,
368 570 409 607 4.
429 565 469 609 5.
495 550 796 610 τὴν-λέξεων
829 551 973 596 habet
1000 550 1062 595 H.
1091 566 1150 596 eX
1178 567 1270 610 quo
1295 555 1379 596 τῶν
1403 555 1530 612 κρεῶν
1553 551 1634 596 ad-

103 627 311 671 dendum
338 634 442 687 post
468 626 689 679 διατομὴν.
959 633 997 671 6.
1026 626 1423 687 ὃιαπερονούμενον]
1456 626 1523 672 διὰ
1547 630 1634 672 τῶν

103 703 345 764 περομένων
372 704 513 763 (male
540 705 817 763 posteriores
836 704 1037 748 editores
1062 704 1328 764 περωμένων)
1346 703 1470 749 O.V.
1512 704 1634 748 Seri-

104 779 310 824 bendun]
336 777 404 823 διὰ
429 783 514 824 τῶν
538 779 812 841 πειρομένων.
1022 784 1087 824 26.
1114 783 1169 838 τῇ
1193 794 1284 824 om.
1313 779 1375 823 H.

171 855 226 899 P.
257 861 350 913 167,
388 874 452 901 11.
491 856 635 912 Φειαῖ]
681 856 810 917 φαιαῖ
855 854 916 899 H.
990 854 1128 908 Quod
1172 854 1282 898 Φεαί
1319 870 1418 900 esse
1462 860 1632 914 potest.

107 947 172 989 15.
200 931 384 994 Κρήθων
410 932 490 987 Η.,
517 949 609 977 non
636 933 801 993 κρίθων.

171 1007 223 1052 Ρ.
250 1012 343 1061 168,
364 1013 404 1053 6.
426 1009 669 1053 ‘Y7ro'Oeo-cv
694 1024 785 1053 0111.
814 1007 876 1051 H.

171 1084 224 1128 P.
250 1090 342 1142 169,
368 1102 406 1130 2.
479 1084 600 1131 Dele
626 1085 812 1130 lit-eram
842 1084 903 1128 H.
1117 1085 1258 1146 ὄρεσι]
1291 1084 1435 1144 ὄρεσιν
1460 1082 1635 1143 ὑψηλο-

103 1157 262 1209 τάτοις
288 1159 350 1205 H.

171 1235 224 1281 P.
250 1252 348 1294 171,
373 1253 413 1295 3.
455 1236 511 1280 In
536 1236 712 1281 scholio
739 1237 861 1296 quod
888 1237 935 1280 in
960 1237 1264 1282 annotatione
1288 1237 1543 1281 memoravi
1570 1235 1634 1280 H.

103 1329 196 1358 non
222 1314 316 1358 καθ’
341 1313 501 1374 ὅμηρον
525 1312 613 1365 μὲν,
639 1314 718 1358 sed
745 1311 855 1357 κατὰ
881 1311 956 1364 μὲν
981 1312 1156 1374 ὅμηρον.
1465 1328 1506 1371 5.
1531 1313 1627 1369 υἱέϊ]

105 1388 266 1434 Scribe
291 1390 457 1442 ὁμοίως,
483 1390 562 1433 υἱέϊ
583 1406 643 1435 ex
671 1389 733 1434 H.
907 1406 970 1434 10.
997 1388 1042 1434 δὲ
1067 1405 1157 1433 om.
1187 1388 1250 1433 H.
1427 1405 1632 1448 12.-15‚

106 1464 227 1510 Haec
252 1467 316 1511 sic
341 1467 632 1512 conformata
657 1467 702 1510 in
733 1465 794 1509 H.
820 1466 1066 1524 τηλύγετος
1090 1465 1111 1517 3¹7
1138 1466 1160 1509 ὁ
1192 1466 1425 1524 μονογειὴς
1453 1466 1475 1518 3¹7
1505 1467 1528 1509 ὁ
1558 1486 1634 1517 τη-

103 1544 185 1585 λοῦ
220 1541 550 1594 ἆποόημήσαντι
587 1547 650 1600 τῷ
680 1543 816 1603 πατρὶ
852 1542 1062 1601 ’γεννηθεὶς
1096 1548 1210 1596 παῖς,
1236 1543 1286 1590 ὡς
1315 1542 1635 1603 τηλέμαχος-α

103 1616 384 1676 ἆγαμέμνονι.
421 1619 444 1671 ’ἦ
469 1620 491 1663 ὁ
516 1623 655 1672 τηλοῦ
685 1624 760 1671 τῆς
793 1618 1251 1678 ἡλικίας-’γενόμενος
1276 1625 1390 1671 παῖς,
1415 1617 1632 1670 μεθ’-τὸ

105 1699 240 1756 γῆρας
257 1710 336 1738 :-—-
542 1701 746 1753 15.-——26.
774 1696 797 1739 ὁ
823 1694 1161 1757 γὰρ-ἔφαινον
1185 1711 1276 1740 om.
1306 1694 1370 1738 H.

174 1771 227 1814 P.
253 1787 344 1828 172,
370 1788 401 1815 1.
429 1769 925 1831 ’γόνον-Ἀλεξάνδρου
951 1786 1042 1816 om.
1074 1771 1135 1814 H.

174 1847 225 1891 P.
250 1862 342 1906 173,
365 1863 402 1892 2.
430 1845 668 1908 Θεράπαινα
695 1848 943 1907 typotheta
970 1849 1124 1906 posuit
1150 1863 1232 1907 pro
1260 1844 1536 1908 θεράπαιναν.

171 1922 226 1969 P.
253 1938 345 1980 174,
370 1941 407 1968 2.
434 1924 553 1981 λέγει
581 1922 716 1979 οὕτω]
750 1919 862 1967 οὕτω
886 1924 1006 1981 λέγει
1037 1923 1098 1967 H.

173 1999 226 2042 P.
248 2012 339 2056 175,
363 2016 397 2042 1.
436 1997 698 2043 τὸ--αὑτῶν
734 1999 876 2043 habet
915 1998 993 2051 H.,
1032 2001 1202 2044 omisso
1229 1998 1284 2043 δέ.
1475 2003 1513 2042 6.
1551 1995 1625 2053 τὸ]

104 2075 268 2120 Scribe
292 2075 369 2127 την
395 2091 454 2119 ΘΧ
481 2075 545 2120 Η.
699 2080 737 2119 8.
763 2074 1102 2135 ἐρωτηματικὸν]
1134 2076 1274 2120 Adde
1299 2074 1366 2118 καὶ
1393 2075 1433 2118 ἐν
1460 2072 1631 2134 δευτέρᾳ

104 2149 226 2211 τάξει
251 2152 435 2203 κείμενον
461 2168 521 2196 ΘΧ
549 2151 610 2196 H.

174 2229 225 2273 P.
252 2234 343 2286 176,
365 2246 404 2287 3.
432 2229 488 2272 In
514 2236 675 2273 annot.
702 2244 784 2287 pro
814 2232 936 2288 1338.
964 2230 1142 2288 corrige
1169 2231 1265 2287 338.

173 2305 226 2349 P.
247 2320 340 2362 177,
366 2322 429 2363 13.
456 2304 530 2357 ἤδη
558 2305 635 2358 Η.,
661 2321 754 2349 non
783 2303 871 2366 γὰρ
897 2304 957 2356 δή.

173 2378 226 2426 Ρ.
249 2385 342 2438 178,
365 2398 429 2425 11.
457 2382 510 2426 In
540 2381 602 2425 H.
629 2397 722 2425 non
747 2381 970 2433 λελύθασι,
997 2381 1075 2425 sed
1101 2380 1332 2432 ληλύθασι.
1567 2395 1631 2424 20.

105 2458 423 2519 ὁδοιπορήσασι
450 2458 634 2515 δείπνου]
666 2457 987 2519 ὁδοιπορήμασι
1016 2457 1096 2510 Η.,
1122 2459 1290 2502 omisso
1317 2455 1500 2501 δείπνου.

175 2534 226 2580 Ρ.
250 2550 342 2592 179,
364 2540 403 2578 6.
430 2533 549 2594 παρὰ
575 2550 666 2579 om.
695 2533 759 2578 H.
968 2551 1032 2589 14.
1060 2532 1256 2578 δίδοσθαι
1283 2539 1410 2578 recto
1435 2538 1632 2577 accentu

109 2610 172 2656 H.
243 2610 472 2655 Deleatur
503 2610 784 2655 Buttmanni
821 2610 1090 2668 conjectura
1126 2611 1170 2654 in
1208 2609 1511 2654 annotatione
1535 2622 1633 2651 me-

107 2693 286 2731 morata
311 2685 527 2730 δεδόσθαι.
735 2691 798 2729 16.
825 2683 914 2746 γὰρ
941 2687 1081 2731 etiam
1111 2685 1175 2729 H.

176 2762 228 2806 P.
251 2767 345 2818 180,
366 2779 431 2809 12.
452 2762 704 2823 ἐλευθέροις]
731 2762 935 2823 ἐλευθέρῳ
957 2761 1019 2807 Η.
1196 2765 1259 2806 18.
1277 2759 1363 2816 διὰ]
1389 2764 1450 2816 τῷ
1473 2758 1540 2803 διὰ
1569 2758 1629 2803 Η.-

176 2839 227 2882 Ρ.
252 2843 344 2890 181,
368 2855 405 2883 2.
431 2839 527 2883 ἀντὶ
551 2843 632 2883 ’τοῦ
657 2843 747 2896 νικᾷ
769 2839 836 2882 καὶ
865 2839 938 2882 σοι’
955 2853 1034 2882 2-
1057 2839 1187 2883 addit
1216 2837 1279 2880 H.
1494 2851 1534 2888 4.
1561 2834 1632 2876 ἆν-

108 2913 318 2974 θρώποις]
347 2915 507 2960 Scribe
531 2921 624 2963 τοῖς
649 2915 888 2975 ἀνθρώποις
914 2930 973 2958 QX
1003 2914 1064 2958 H.
1208 2919 1248 2957 6.
1275 2912 1392 2973 περὶ]
1422 2910 1479 2955 τὰ
1504 2906 1537 2953 νε.-
1566 2908 1629 2950 H-

58 2999 68 3005 ·
113 3007 177 3034 12.
204 2990 326 3035 Cum
351 2991 408 3044 Q.
435 2991 668 3036 consentit
696 2990 758 3034 H.

828 3068 854 3110 d
883 3071 910 3110 2
