1907 3270
229 120 375 164 xxxiv
788 111 1193 157 PRAEFATIO.

298 235 349 279 P.
375 251 443 291 49,
471 249 536 287 24.
564 228 804 273 METEP
829 228 923 273 ἀντὶ
949 231 1029 272 τοῦ
1051 229 1193 288 μήτηρ
1218 242 1308 271 om.
1337 225 1395 270 D.
1455 226 1588 271 Conf.
1615 232 1748 271 nota-

230 312 406 355 tionem
444 307 642 351 similem
678 306 724 349 in
762 304 903 349 schol.
929 304 987 348 ad
1014 319 1054 347 ν.
1081 317 1151 361 52.
1390 316 1458 360 25.
1482 305 1638 359 τοῦτο]
1676 303 1744 346 καὶ

231 385 386 432 ἄλλως.
432 386 567 428 τοῦτο
594 380 654 425 D.
681 381 727 424 in
754 380 974 439 proximis
999 394 1106 423 oum
1132 378 1252 432 EQ.
1278 378 1587 423 consentiens.

298 460 349 504 P.
376 475 444 517 50,
465 476 503 517 9.
530 459 584 505 εἰς
607 455 682 513 τὸ]
713 457 754 500 ἐν
777 457 838 514 τῷ
865 455 926 499 Η.
995 455 1143 507 Idem,
1169 453 1285 498 ἔεδνα
1317 455 1437 512 λέγει
1462 452 1520 498 τὰ
1550 452 1746 505 διδόμενα

227 535 310 580 ὑπὸ
334 538 418 579 τῶν
444 534 642 595 νυμφίων,
667 530 723 576 τὰ
758 531 801 576 δὲ
832 530 915 575 ὑπὸ
946 534 1031 576 τῶν
1055 535 1208 592 πρῶων
1233 532 1280 586 (i.
1307 546 1346 575 e.
1372 531 1595 591 πατρώιον,
1622 531 1746 589 quod

228 628 286 657 ex
313 611 430 665 E.Q.
457 609 665 667 affertur)
690 609 900 660 κειμήλια.
954 607 1022 651 καὶ
1052 605 1208 655 ἄλλως.
1259 605 1316 650 τὰ
1349 605 1474 667 ἕδραν
1502 607 1569 650 καὶ
1606 627 1749 668 παρα-

225 688 355 740 μονὴν
380 687 670 748 προξενοῦντα
695 686 750 743 τῇ
775 684 914 745 νύμφῃ
932 699 1009 728 :—-
1213 700 1277 742 13.
1303 682 1358 727 τό
1382 682 1498 727 &aiva
1523 681 1746 727 δασύνεται

226 771 316 808 etc.
344 765 484 808 etiam
522 764 569 806 in
597 760 658 806 H.
898 775 964 818 23.
1000 760 1197 815 ἔμελλεν]
1235 761 1418 810 ἤμελλεν
1446 758 1509 802 Η.
1540 766 1594 803 ut
1627 759 1749 803 infra

226 855 269 898 p.
299 855 366 897 52,
394 842 433 883 8.

295 915 347 959 Ρ.
373 930 442 972 51,
471 918 508 957 8.
546 913 767 971 ἐσόμενον]
805 913 1032 970 γενόμενον
1066 912 1346 957 Buttmanni
1383 913 1543 965 editio,
1581 911 1744 956 calami

227 992 369 1050 lapsu.
604 1007 642 1047 9.
679 987 1066 1041 παιδευθησόμενον
1101 986 1222 1050 παρὰ
1258 987 1336 1032 τὸν
1372 988 1557 1050 νέστορα
1583 988 1656 1040 D.‚
1692 994 1747 1032 ut

227 1074 298 1112 est
329 1068 377 1111 in
407 1066 497 1110 alio
527 1065 701 1110 scholio
736 1066 856 1110 infra
881 1081 921 1109 v.
948 1070 1011 1110 16.
1059 1065 1322 1116 πευσόμενον
1346 1062 1466 1125 παρὰ
1491 1067 1572 1108 τοῦ
1597 1064 1748 1108 νέστο-

228 1163 302 1204 ρος
328 1142 381 1186 Ε.
590 1158 653 1185 10.
679 1140 788 1198 ἀπὸ]
818 1139 901 1185 ὑπὸ
926 1142 986 1186 D.
1177 1158 1242 1184 11.
1268 1140 1588 1196 ἐπανεληλύθει]
1619 1141 1747 1184 ε’παν-

227 1220 405 1269 ελήλυθε
442 1218 501 1261 D.
704 1221 1017 1265 κοινῶς--τοῦ
1050 1218 1219 1280 πατρός·
1256 1233 1347 1262 Om.
1384 1214 1455 1261 D(
1480 1218 1527 1261 in
1566 1217 1744 1262 lacuna.

233 1311 296 1353 15.
323 1291 645 1355 παρεκβάσεσι]
677 1292 962 1354 παραβάσεσι
989 1295 1048 1339 D.
1246 1311 1311 1339 21.
1337 1298 1411 1345 τῆς
1432 1292 1619 1345 Ἀθηνᾶς
1642 1292 1739 1349 τὴν]

224 1370 303 1421 τὴν
325 1374 399 1421 τῆς
423 1369 577 1421 ἀθηνᾶς
603 1369 661 1414 D.
892 1387 960 1428 32.
986 1370 1361 1423 κατακεκλειμένον
1386 1372 1539 1431 πλήρει
1566 1371 1745 1414 correxi

225 1462 308 1506 pro
332 1446 688 1496 κατακεκλιμένον
713 1448 883 1499 πλήθει,
910 1447 1032 1505 quod
1059 1453 1129 1491 est
1154 1447 1201 1490 in
1226 1445 1356 1491 D.H.
1433 1463 1438 1467 ’
1540 1448 1747 1505 θεραπαι-

225 1523 328 1578 νίσι]
362 1522 636 1582 θεραπαίναις
657 1522 716 1566 D.
766 1523 1070 1584 θεραπαινίδων
1089 1530 1159 1568 est
1182 1539 1225 1583 p.
1246 1541 1313 1582 59,
1332 1527 1370 1568 8.
1398 1528 1464 1575 61,
1487 1540 1521 1568 1.
1543 1524 1589 1566 in
1616 1522 1746 1567 scho-

228 1599 290 1643 lio
315 1599 523 1658 ejusdem
549 1600 762 1653 auctoris,
789 1601 865 1658 qui
891 1601 1011 1645 haud
1039 1600 1179 1645 dubie
1205 1600 1486 1659 Porphyrius
1511 1605 1596 1644 est.

297 1675 350 1718 P.
375 1691 445 1733 52,
469 1692 505 1720 1.
541 1676 831 1736 ἐναυξόμενον]
879 1677 1109 1738 αὐξόμενον
1145 1675 1202 1720 D.
1417 1693 1458 1732 4.
1494 1676 1561 1719 καὶ
1583 1675 1744 1735 “Ελε’νῃ

228 1766 306 1796 om
347 1750 406 1796 D.
610 1769 648 1810 9.
674 1772 724 1797 τε
746 1753 833 1809 καὶ]
865 1774 915 1798 τε
938 1754 1036 1814 περὶ
1062 1751 1217 1814 ξανθὸν
1240 1752 1446 1804 μενέλαον
1470 1752 1537 1795 καὶ
1564 1751 1623 1796 D.
1650 1752 1746 1796 fere

227 1834 283 1872 ut
303 1826 365 1871 H.
505 1827 656 1872 Πύλον
675 1831 851 1874 excidit
870 1831 916 1874 in
936 1831 996 1874 D.
1017 1832 1065 1874 in
1083 1831 1176 1874 fine
1197 1843 1366 1873 versus.
1502 1827 1746 1879 ἠμαθόεντα

228 1904 416 1951 -κλέος
441 1903 601 1949 ἐσθλὸν
625 1904 914 1965 ἀνθρώποισιν
942 1906 1108 1965 ἔχῃσιν]
1146 1904 1428 1957 ἀμμαθόεντα
1459 1904 1528 1947 καὶ
1560 1902 1617 1948 τὰ
1654 1903 1746 1964 ἑξῆς

230 2000 289 2045 D.
496 2018 559 2046 12.
592 2001 790 2062 ἐξέτασιν
822 2002 942 2047 clare
974 2004 1198 2062 scriptum
1231 2003 1278 2046 in
1311 2002 1368 2046 D.
1416 1977 1563 2061 ἐξέτοιυ
1598 2002 1645 2045 in
1680 2000 1742 2045 H.

228 2074 336 2136 εἶχε]
363 2074 455 2120 εἷλε
474 2075 534 2120 D.
701 2093 764 2135 13.
790 2077 890 2138 ἀφ’]
922 2078 993 2138 ἐφ’
1014 2078 1075 2121 D.
1242 2076 1300 2128 ε’ἶη
1325 2074 1375 2120 ἂν
1400 2077 1490 2121 θεία
1516 2082 1586 2121 est
1611 2077 1657 2120 in
1682 2076 1744 2120 D.

229 2152 288 2204 εἰἠ
315 2153 401 2204 θείη
426 2153 472 2196 in
499 2151 562 2196 H.
768 2167 833 2210 15.
860 2153 881 2204 ἦ
906 2157 1009 2210 τῶν]
1040 2153 1105 2197 καὶ
1131 2156 1214 2197 τῶν
1240 2153 1299 2197 D.
1506 2167 1570 2209 17.
1597 2151 1746 2199 δολίως

227 2229 472 2284 ἐπιθέσθαι]
503 2228 727 2273 ἐπιθέσθαι
765 2228 913 2277 δολίως·
943 2230 1001 2274 D.
1208 2233 1272 2272 18.
1308 2231 1364 2280 μή
1400 2228 1446 2272 τί
1477 2247 1530 2284 ’γε
1564 2227 1744 2272 correxi

227 2320 311 2364 pro
334 2306 463 2356 μήτοι
491 2323 555 2362 γε,
576 2305 699 2362 quod
726 2312 795 2349 est
820 2306 868 2350 in
893 2304 953 2349 D.
999 2306 1055 2357 μὴ
1080 2306 1218 2350 τοίνυν
1241 2305 1303 2349 H.
1325 2306 1423 2349 sine
1449 2323 1513 2363 γε.
1679 2320 1743 2361 19.

228 2382 397 2438 ἐκείνου]
436 2382 593 2425 ἐκείνων
627 2381 685 2426 D.
879 2399 944 2426 20.
970 2382 1246 2438 κωλυόμενος]
1288 2382 1354 2425 καὶ
1391 2381 1650 2432 κωλυόμενος
1683 2379 1742 2424 D.

227 2460 521 2520 προσενεχθῇ]
547 2459 818 2519 προσενέχθη
845 2458 903 2502 D.
1094 2475 1159 2515 24.
1185 2458 1473 2519 ἠσφαλίσατο
1492 2457 1550 2502 D.
1598 2454 1744 2517 ἡσφᾶ-

227 2539 380 2578 λισται
410 2533 471 2578 Η.
693 2548 759 2592 25.
785 2533 956 2596 δρῶσιν]
996 2533 1139 2596 δρῶσα
1166 2535 1224 2579 D.
1443 2551 1508 2591 27.
1534 2533 1581 2594 ἐξ
1603 2534 1649 2577 οῧ
1667 2534 1745 2578 Ὀ-

228 2609 401 2657 δυσσεὺς
426 2609 655 2666 δῖος-ἐνὶ]
686 2609 734 2669 ἐξ
751 2609 800 2654 05
823 2612 845 2654 ὁ
871 2608 959 2672 ’γὰρ
985 2608 1070 2658 δῖος
1093 2609 1428 2658 ὀδυσσεὺςυ-ἐπὶ
1455 2609 1513 2654 D.
1673 2626 1741 2667 30.

230 2683 515 2747 Τηλεμάχου]
553 2690 633 2730 τοῦ
656 2684 909 2747 τηλεμάχου
937 2686 996 2730 D.
1179 2687 1363 2730 ἐπειπεῖν
1398 2687 1554 2731 addidi
1592 2701 1650 2730 ΘΧ
1683 2685 1741 2729 D.

229 2763 310 2821 qui
345 2763 512 2822 pergit,
549 2764 599 2810 ὡς
634 2762 776 2810 οἶκτος
817 2761 853 2806 δ’
877 2763 954 2807 ἕλε
988 2760 1095 2806 λαὸν
1120 2761 1294 2806 ἅπαντα
1321 2761 1433 2819 (Od.
1459 2763 1505 2817 β,
1533 2764 1622 2820 81.)
1652 2768 1741 2806 etc.

231 2839 328 2883 sino
355 2839 504 2883 verbis
528 2839 678 2883 alieno
704 2839 805 2884 loco
831 2839 969 2884 illatis
995 2854 1093 2897 quae
1118 2840 1164 2883 in
1188 2838 1249 2882 H.
1277 2854 1375 2884 esse
1402 2839 1497 2883 dixi
1527 2839 1575 2883 in
1599 2854 1743 2884 anno-

230 2915 421 2959 tatione.
