1907 3270
208 127 318 172 xviii
766 123 1169 172 PRAEFATIO.

207 247 281 293 liis
306 247 607 307 longioribus,
631 260 738 304 quae
763 246 970 291 versibus
1000 247 1194 306 integris
1226 246 1398 306 scripta
1425 250 1546 299 sunt,
1571 245 1724 306 biper-

207 323 321 376 titis,
346 337 563 367 versuum
599 322 935 382 undetriginta.
1021 321 1133 367 Non
1168 322 1313 367 habet
1347 328 1536 368 textum
1573 320 1725 381 Odys-

206 413 310 451 seae,
336 399 416 444 sed
452 398 548 442 sola
582 396 757 442 scholia
785 404 834 442 et
863 397 1155 458 glossemata,
1182 398 1348 457 quibus
1383 398 1607 442 lemmata
1641 412 1725 442 sua

207 480 476 520 constanter
499 479 607 518 sunt
631 473 832 532 praefixa.
898 473 1023 518 Huic
1048 475 1197 518 codici
1223 474 1359 533 plane
1382 474 1610 534 gemellus
1633 473 1725 517 fuit

207 551 245 595 is
283 566 341 596 ex
377 565 469 609 quo
506 549 746 595 Asulanus
786 551 907 595 hanc
947 550 1228 595 scholiorum
1270 550 1596 595 collectionem
1636 549 1725 608 pri-

207 640 337 669 mum
375 626 546 670 edidit:
583 627 662 685 qui
691 626 1059 685 quotiescunque
1095 626 1153 670 ab
1188 626 1305 671 libro
1341 625 1599 670 Bodleiano
1635 625 1726 669 dis-

208 708 379 761 crepat,
417 703 568 747 omnis
608 703 844 761 scripturae
882 702 1123 746 diversitas
1164 709 1234 747 est
1271 702 1496 761 ejusmodi
1539 708 1592 746 ut
1632 717 1726 747 11011

208 777 403 822 aliorum
439 785 653 823 veterum
691 778 913 823 librorum
948 779 1217 823 auctoritati
1251 779 1501 824 tribuenda
1535 780 1608 830 sit,
1645 779 1725 824 sed

208 860 289 898 aut
325 854 502 906 scribae,
540 855 672 913 cujus
707 853 1025 913 apographum
1055 852 1210 899 Aldus
1243 854 1503 913 typothetis
1538 854 1728 899 manda-

210 931 276 974 vit
293 936 316 966 g
339 930 675 990 negligentiam
701 936 783 973 aut
807 929 1165 989 interpolatoris,
1183 930 1279 974 sive
1303 931 1341 975 is
1366 928 1606 975 Asulanus
1630 931 1728 975 sive

209 1007 326 1051 alius
350 1003 372 1032 ¹¹
395 1006 500 1058 fuit,
527 1006 843 1051 temeritatem
878 1005 1056 1064 prodat,
1093 1005 1292 1050 similem
1323 1007 1364 1050 ei
1391 1021 1491 1064 quae
1521 1007 1567 1050 in
1593 1004 1729 1050 Aldi-

208 1083 280 1127 nis
313 1082 571 1127 scholiastae
596 1080 925 1140 Aristophanis
953 1087 1002 1125 et
1027 1080 1409 1141 Harpocrationis
1445 1082 1728 1127 editionibus

209 1159 317 1204 alibi
344 1159 402 1203 ab
427 1174 502 1203 me
529 1164 690 1203 notata
714 1155 816 1210 esti,
843 1173 982 1216 quam
1015 1173 1106 1203 non
1141 1164 1445 1217 compensant
1474 1172 1727 1217 paucorum

210 1236 500 1293 quorundam
538 1235 803 1293 leviumque
838 1235 1068 1287 vitiorum,
1095 1250 1197 1293 quae
1233 1235 1380 1279 codici
1407 1233 1584 1279 Aldino
1620 1249 1728 1279 cum

209 1311 468 1356 Bodleiano
498 1312 764 1355 communia
792 1312 932 1356 fuisse
965 1312 1194 1370 conjicere
1226 1311 1349 1363 licet,
1375 1311 1728 1356 emendationes

208 1388 266 1433 ab
292 1394 553 1433 correctore
576 1387 657 1431 illo
683 1388 828 1432 factae.
899 1388 1036 1441 Quod
1072 1404 1226 1447 operae
1262 1389 1465 1447 pretium
1491 1388 1579 1432 erit
1604 1402 1729 1432 com-

209 1470 369 1523 parata
400 1479 482 1522 per
512 1469 605 1508 tres
641 1464 811 1522 primas
846 1464 1112 1523 rhapsodias
1148 1464 1373 1523 scriptura
1408 1464 1578 1508 codicis
1605 1463 1729 1508 Bod-

209 1539 347 1584 leiani
381 1538 479 1595 (O.)
523 1554 627 1583 cum
671 1541 877 1585 editione
910 1539 1087 1585 Aldina
1115 1539 1214 1599 (A.)
1246 1541 1506 1592 ostendere,
1549 1540 1728 1584 omissis

210 1632 310 1675 quae
341 1617 454 1660 nihil
490 1617 547 1660 ad
583 1617 701 1661 hanc
736 1618 1047 1675 quaestionem
1081 1618 1328 1662 conferunt
1364 1617 1623 1662 manifestis
1659 1624 1730 1676 ty-

207 1693 506 1752 pothetarum
540 1695 744 1752 peccatis
773 1700 822 1738 et
847 1697 890 1738 νῦ
914 1695 1221 1755 ἐφελκυστικῷ,
1248 1694 1373 1752 quod
1399 1692 1555 1738 Aldus
1587 1694 1729 1738 inter-

209 1769 322 1813 dum
358 1774 519 1813 contra
553 1769 724 1813 codicis
764 1771 1092 1814 auctoritatem
1128 1769 1201 1813 vel
1238 1770 1420 1814 addidit
1451 1769 1525 1813 vel
1558 1770 1728 1814 omisit.

209 1843 459 1889 Lemmata
493 1844 771 1888 scholiorum
809 1845 858 1888 in
894 1845 1099 1890 editione
1128 1843 1306 1888 Aldina
1343 1844 1489 1889 literis
1522 1844 1732 1904 capitali-

208 1920 294 1964 bus
319 1926 428 1964 sunt
452 1920 673 1978 impressa
705 1921 804 1965 sine
838 1921 1134 1965 accentibus:
1171 1935 1284 1979 quas
1309 1922 1483 1964 servavi
1508 1921 1590 1964 ubi
1615 1935 1730 1979 opus

210 2000 322 2039 erat.

281 2070 454 2129 Incipit
489 2070 550 2115 A.
584 2070 660 2115 fOl.
690 2068 749 2114 2¹³.
771 2070 1007 2118 ‘Yvro'Oeo-zc
1042 2075 1116 2122 τῆς
1151 2070 1208 2112 A'
1232 2069 1428 2131 Ὀμήρου
1461 2069 1728 2123 Ὀδυσσείας,

209 2147 375 2191 leviter
406 2152 588 2190 mutato
615 2147 736 2205 quod
764 2148 809 2190 in
836 2147 893 2191 O.
921 2153 991 2191 est
1009 2145 1264 2194 Ὀδυσσείας
1288 2149 1316 2189 ἆ
1342 2146 1557 2193 ὑπόθεσις.
1629 2146 1728 2190 Fol.

211 2229 270 2281 3³.
303 2222 477 2267 scholia
512 2223 741 2281 incipiunt
777 2238 883 2267 cum
920 2223 1219 2282 inscriptione
1255 2223 1312 2267 ab
1345 2222 1557 2267 Asulano
1593 2223 1727 2275 facta,

211 2314 311 2357 quae
341 2297 467 2341 nulla
491 2303 562 2342 est
592 2298 637 2341 in
664 2297 734 2349 0.,
764 2298 939 2359 Σχόλια
966 2300 1020 2346 εἷς
1044 2298 1120 2349 τὴν
1145 2297 1202 2341 A'
1221 2303 1296 2349 τῆς
1319 2296 1731 2350 Ὀὂυσο-ειάςεῡμῆ-

209 2394 287 2436 pov
308 2372 553 2435 ῥαψῳδίαν.

266 2491 287 2518 g
308 2483 449 2519 Aldum
480 2495 554 2517 non
585 2488 730 2518 veteres
759 2484 1006 2524 membranas,
1034 2483 1097 2518 sed
1127 2489 1295 2518 recentes
1325 2483 1470 2518 codices
1500 2483 1729 2528 chartaceos,

212 2548 274 2595 qui
296 2548 355 2583 vili
375 2546 493 2594 pretio
518 2546 644 2581 haberi
671 2552 836 2593 possent,
858 2547 1066 2594 typothetis
1094 2547 1168 2582 suis
1189 2546 1384 2582 tradidisse
1404 2546 1552 2582 ostendi
1573 2546 1608 2580 in
1630 2546 1728 2582 Prae-

210 2610 277 2645 fat.
300 2609 346 2644 ad
366 2608 482 2644 schol.
506 2608 701 2655 Aristoph.
721 2610 791 2644 vol.
815 2621 842 2644 1.
866 2623 901 2659 p.
919 2610 991 2645 viii.

266 2671 287 2698 h
308 2673 413 2707 Alius
432 2671 590 2707 fortasse
610 2671 679 2707 fuit
695 2673 754 2719 qui
775 2672 915 2708 scholia
935 2673 1143 2720 rhapsodias
1160 2673 1334 2708 secundae
1355 2673 1440 2709 inde
1457 2673 1502 2709 ab
1519 2685 1628 2709 versu
1643 2685 1728 2709 102.

212 2749 328 2784 usque
355 2736 400 2771 ad
427 2736 539 2770 finem
566 2735 827 2771 additamentis
853 2750 897 2772 ex
920 2736 1117 2772 Eustathio
1142 2742 1179 2772 et
1203 2737 1350 2772 aliunde
1377 2737 1585 2784 compilatis
1611 2737 1727 2778 auxit,

214 2801 259 2836 de
280 2812 352 2847 quo
373 2799 468 2834 infra
488 2799 675 2835 dicemus:
710 2800 808 2847 quod
829 2800 1125 2848 interpolationis
1146 2813 1266 2848 genus
1286 2800 1459 2847 frequens
1480 2806 1536 2836 est
1563 2800 1599 2835 in
1621 2800 1729 2835 scho-

211 2865 345 2899 liorum
369 2863 654 2898 Homericorum
677 2865 865 2900 codicibus
884 2864 968 2899 inde
991 2865 1035 2899 ab
1057 2865 1180 2900 seculo
1203 2870 1334 2910 quarto
1357 2865 1513 2900 decimo.

266 2927 273 2949 ³
296 2928 381 2963 Vid.
405 2927 550 2962 Praefat.
570 2928 614 2962 ad
636 2928 751 2965 schol.
771 2929 963 2976 Aristoph.
982 2929 1004 2963 l.
1023 2941 1053 2964 c.
1076 2934 1112 2964 et
1135 2927 1284 2963 Przefat.
1301 2929 1346 2963 ad
1367 2929 1587 2975 Harpocrat.
1607 2928 1676 2963 vol.
1696 2940 1727 2968 1,

215 3009 247 3041 p.
270 2995 318 3029 xi.
