1907 3270
709 160 1121 207 PRAEFATIO.
1600 161 1677 205 xlv

153 291 246 336 quo
270 276 410 321 modo
437 276 663 321 dicebam.
736 275 985 322 Perierunt
1009 279 1153 338 igitur
1187 279 1263 323 hio
1295 293 1481 338 quoque
1514 279 1676 338 primae

151 352 302 397 literae
328 352 456 398 verbi
482 353 605 412 quod
631 353 925 397 καταπαύεται
954 354 1002 413 (i.
1029 370 1067 398 e.
1093 355 1384 411 καταπαύετε)
1410 355 1515 399 fuit.

220 429 272 474 P.
310 446 402 488 103,
438 446 475 475 2.
518 427 688 488 ἔδειξεν]
737 427 806 473 οὖν
846 430 977 474 addit
1023 429 1083 475 H.
1300 448 1340 490 3.
1381 431 1581 491 ἔπρασσε
1619 429 1675 475 τὸ

150 507 294 551 etiam
320 505 367 551 S.
537 524 578 561 4.
604 507 640 550 εἰ
663 504 705 550 δὲ
729 506 816 564 καὶ]
851 505 964 550 Non
988 507 1071 560 καὶ,
1097 508 1178 551 sed
1205 505 1249 551 δὲ
1274 523 1364 552 om.
1393 507 1455 552 H.
1634 513 1674 553 6.

151 582 373 627 Scholion
410 583 581 627 codicis
619 582 668 627 S.
704 584 752 627 in
777 584 1083 628 annotatione
1120 592 1433 629 memoratum
1465 586 1676 644 sequitur

149 660 339 718 quidem
375 667 480 719 post
510 663 652 713 κακῶς,
679 661 759 705 sed
797 661 1074 720 interposito
1110 660 1408 721 signo(:—)‚
1444 678 1535 720 quo
1572 663 1674 707 finis

150 735 312 781 SChOlii
354 737 600 781 indicatur.
835 753 899 781 ΙΙ.
937 737 1039 780 ἀλλ’
1078 737 1125 780 ού
1163 738 1499 796 συναγαγόντως
1535 739 1666 795 λύειν]

150 812 312 857 Scribe
337 811 478 857 ἄλλου
502 813 834 872 συναγαγόντος
858 813 970 857 λύειν
995 829 1055 857 ΘΧ
1082 813 1143 859 Η.
1351 832 1414 872 13.
1440 815 1582 868 ἐπειδὴ
1607 817 1675 860 οὖ-

147 892 239 945 τοι]
272 889 348 934 Sic
373 890 516 934 etiam
544 889 672 935 D.H.
932 904 995 948 15.
1023 890 1078 934 In
1105 906 1249 951 marg.
1275 907 1317 935 v.
1346 908 1441 949 254.
1465 896 1607 938 ταῦτα
1632 894 1673 936 ἐν

148 968 235 1017 ἤθει
262 965 376 1011 εἶπεν
393 982 471 1012 2—
492 966 554 1011 H.

216 1043 268 1088 P.
295 1060 385 1100 104,
409 1060 445 1089 2.
484 1042 675 1106 γράφειν
709 1043 1038 1106 Ἀρίσταρχον]
1083 1044 1138 1088 Ill
1171 1043 1218 1088 S.
1251 1059 1343 1089 non
1376 1042 1542 1107 γράφει
1581 1046 1673 1107 ἀρί-

147 1139 347 1180 σταρχος
387 1127 441 1165 ut
479 1122 604 1181 apud
641 1120 929 1174 Cramerum,
968 1121 1047 1166 sed
1090 1130 1142 1178 γρ
1181 1121 1227 1178 (i.
1255 1137 1295 1165 e.
1333 1120 1542 1184 γράφειν)
1580 1123 1673 1184 ἀρί-

147 1215 363 1258 σταρχον.
551 1202 590 1242 6.
618 1197 675 1241 In
701 1196 875 1242 scholio
902 1197 1075 1242 codicis
1102 1197 1148 1241 S.
1174 1198 1222 1241 in
1247 1199 1550 1244 annotatione
1575 1214 1672 1244 me-

145 1280 326 1318 morato
352 1273 598 1319 Cramerus
622 1280 728 1333 post
752 1273 890 1329 βαθὺν
916 1275 1072 1318 omisit
1098 1274 1240 1319 verba
1263 1274 1285 1326 ἲ]
1311 1274 1671 1328 ἀναπεπταμένον

145 1350 212 1395 καὶ
237 1351 388 1410 μέγαν,
415 1358 463 1396 et
489 1359 592 1412 post
617 1352 823 1396 πλέουσιν
847 1353 988 1397 Verba
1012 1352 1034 1404 ’ἦ
1060 1353 1150 1396 ἐπεὶ
1182 1368 1329 1412 usque
1362 1355 1418 1398 ad
1449 1358 1511 1412 τῷ
1532 1353 1669 1400 ὕδατι.

146 1433 184 1473 8.
212 1429 351 1483 Quod
375 1430 422 1474 in
447 1431 752 1476 annotatione
784 1430 1038 1491 significavi
1068 1430 1209 1474 verba
1231 1429 1342 1482 δίκην
1375 1430 1498 1487 ἀέρος
1530 1433 1578 1476 in
1605 1432 1668 1478 V.

146 1519 206 1549 ex
248 1505 502 1551 Eustathio
544 1506 674 1552 illata
715 1522 814 1552 esse
856 1507 1102 1552 confirmat
1143 1506 1216 1560 O„
1260 1507 1340 1566 qui
1383 1523 1437 1552 ea
1475 1510 1667 1554 omittit.

150 1597 213 1627 12.
242 1582 297 1626 In
325 1582 387 1627 H.
421 1584 651 1637 ἐκλύουσιν,
685 1584 707 1636 ἦ
738 1581 1070 1639 ἀναβάλλονται
1093 1583 1231 1628 z—-In
1258 1581 1313 1628 O.
1340 1582 1666 1646 ὃιατρῖβουσινῑ

142 1657 352 1713 ἐκλύουσι,
379 1658 631 1713 δαπανοῦσι,
657 1658 924 1723 χρονίζουσι.
997 1660 1246 1705 Barnesius
1273 1662 1351 1719 qui
1378 1661 1503 1705 idem
1537 1662 1669 1707 SChO-

143 1733 239 1779 lion
265 1751 290 1779 e
316 1735 433 1781 libro
459 1737 832 1796 Cantabrigiensi
857 1737 1005 1781 edidit
1026 1735 1262 1780 ὃαπανοῦσι
1284 1738 1453 1795 posuit,
1472 1743 1521 1782 et
1541 1745 1668 1783 recte

144 1812 347 1869 quidem,
383 1814 479 1858 sive
516 1814 687 1858 codicis
722 1815 1002 1858 auctoritate
1038 1814 1135 1857 sive
1171 1829 1230 1858 ex
1266 1829 1348 1858 sua
1389 1815 1531 1873 ipsius
1570 1830 1669 1859 cor-

139 1889 362 1933 rectione.
436 1890 563 1934 Nam
611 1888 910 1952 δαπανίζουσι,
959 1891 1083 1949 quod
1131 1897 1202 1935 est
1248 1891 1295 1934 in
1344 1890 1406 1943 S„
1448 1890 1667 1951 exemplo

141 1974 281 2010 caret.
367 1967 423 2011 In
464 1965 527 2011 H.
567 1973 638 2011 est
678 1967 909 2027 glossema
949 1964 1215 2029 χρονίζουσι,
1263 1955 1503 2030 πβιάζουσι
1547 1968 1665 2026 (Sic).

146 2046 210 2086 16.
251 2042 308 2087 In
334 2041 509 2088 scholio
534 2044 706 2088 codic-is
732 2042 778 2088 S.
806 2043 946 2087 verba
978 2043 1127 2095 ὅμοιος
1161 2047 1222 2101 τῷ
1258 2043 1396 2105 πατρὶ
1431 2044 1667 2104 supplevit

143 2117 403 2165 Cramerus.
468 2120 594 2164 Nam
621 2120 667 2164 in
693 2120 853 2165 codice
880 2119 1045 2165 lacuna
1070 2126 1141 2165 est
1167 2126 1215 2165 et
1240 2121 1470 2180 participii
1495 2119 1667 2183 τυγχά-

143 2217 219 2240 νων
245 2196 394 2243 litel'ae
419 2218 524 2242 ανων
547 2199 757 2242 abscissae
780 2206 903 2243 sunt.
1125 2203 1189 2242 16.
1217 2197 1666 2260 Τηλέμαχε-διατε-

141 2273 331 2325 θειμένον
355 2289 445 2318 om.
473 2273 535 2319 H.
562 2275 609 2318 in
638 2275 814 2319 scholio
848 2275 1071 2336 marginis
1104 2276 1362 2328 exterioris,
1388 2275 1529 2320 habet
1555 2291 1663 2321 vero

138 2349 186 2393 in
210 2357 421 2410 margine
446 2352 679 2403 interiore,
705 2349 760 2395 τὸ
794 2350 838 2395 δὲ
875 2351 966 2396 οὐδὲ
992 2352 1141 2397 ὄπιθεν
1173 2351 1664 2413 προτρεπτικῶς-δια-

137 2426 475 2478 τεθειμένουε-
647 2443 712 2484 17.
737 2426 861 2476 κακὸς
884 2429 979 2488 ἔσῃ]
1017 2427 1160 2473 Adde
1194 2427 1287 2472 οὐδὲ
1323 2427 1476 2490 ἄφρων
1506 2444 1565 2473 ΘΧ
1599 2428 1661 2473 Η.

138 2501 386 2564 τυγχάνεις]
424 2502 661 2566 τυγχάνοις
692 2504 755 2548 H.
962 2522 1029 2550 20.
1060 2505 1127 2549 καὶ
1157 2511 1249 2553 τοῖς
1282 2504 1529 2563 ἡγουμένοις
1553 2512 1662 2551 ante

140 2580 207 2624 καὶ
234 2586 325 2628 τοῖς
348 2581 569 2632 ἑπομένοις
593 2580 654 2625 D.
833 2598 899 2627 22.
927 2582 984 2626 In
1007 2588 1168 2626 annot.
1194 2583 1373 2641 corrige
1399 2582 1661 2642 typothetae

139 2672 342 2702 errorem
369 2661 626 2715 στηναγμοῦ
650 2673 732 2717 pro
758 2661 1022 2717 στεναγμοῦ.
1219 2675 1284 2717 23.
1310 2658 1424 2703 Post
1449 2656 1536 2706 οἷος
1561 2659 1661 2702 ἐκεῖ-

138 2753 204 2782 νος
229 2732 289 2778 D.
315 2734 480 2793 pergit,
507 2738 806 2785 θαυμαστικῶς
829 2740 966 2780 τοῦτο
999 2735 1111 2781 κατὰ
1143 2736 1417 2797 ἀναφώνησιν
1442 2745 1530 2780 etc.
1602 2735 1659 2778 In

139 2809 202 2854 H.
227 2809 325 2854 haec
350 2816 535 2854 tantum
561 2809 796 2871 leguntur,
821 2815 959 2856 τοῦτο
984 2811 1096 2856 κατὰ
1122 2812 1396 2873 ἀναφώνησιν
1420 2811 1581 2871 εἴρηται
1603 2812 1658 2858 εἷς

134 2887 307 2930 ἔπαινον
332 2885 575 2935 Ὀδυσσέως
591 2903 669 2931 :—

205 2963 259 3007 P.
285 2980 379 3021 105,
404 2979 467 3018 14.
493 2964 685 3026 τροφὴν]
718 2964 1029 3011 Scribendum
1055 2963 1154 3009 ὁδὸν
1179 2981 1237 3010 ex
1264 2964 1394 3009 D.H.
1589 2979 1655 3006 20.
