1917 3183
182 80 243 122 xii
745 78 1149 125 PRAEFATIO.

180 212 282 255 quae
306 198 353 241 in
378 197 703 256 Appendicem
731 200 794 255 (p.
824 211 931 257 733.
958 201 1105 256 seqq.)
1132 197 1397 242 rettulimus
1433 195 1700 241 ostendunt.

182 273 306 319 Nam
339 275 486 319 codex
514 273 887 334 Hamburgensis
911 289 1005 318 non
1032 274 1182 319 solum
1209 274 1412 318 multum
1439 274 1621 317 confert
1644 272 1701 316 ad

179 350 375 395 aliorum
409 351 631 395 librorum
657 351 730 394 vel
758 352 869 395 vitia
893 352 1164 411 corrigenda
1189 352 1261 396 vel
1296 351 1483 395 lacunas
1507 349 1701 408 explen-

179 427 277 479 das,
312 428 392 472 sed
428 427 570 471 etiam
606 426 780 472 scholia
814 427 962 472 multa
999 428 1123 472 solus
1160 428 1359 472 servavit
1391 442 1450 471 ex
1485 426 1616 471 bonis
1652 433 1701 471 et

179 502 384 561 antiquis
418 503 625 547 fontibus
662 503 883 556 derivata,
916 505 1039 562 quod
1078 505 1354 563 scriptorum
1389 504 1467 562 qui
1498 504 1702 547 citantur

182 580 370 623 nomina
405 580 696 632 confirmant,
723 581 846 624 inter
871 596 972 639 qua:
1007 595 1152 624 unum
1187 588 1257 624 est
1290 580 1457 624 ceteris
1493 579 1702 623 recondi-

177 656 283 707 tius,
310 655 511 700 Ariaethi
538 655 585 699 in
611 655 786 700 scholio
812 657 869 701 ad
900 656 958 707 K,
987 670 1049 716 49
1056 668 1114 715 5.,
1141 657 1437 700 historiarum
1468 656 1700 714 scriptoris

177 746 235 776 ex
261 732 502 790 perpaucis
528 738 711 775 tantum
740 733 1012 791 fragmentis
1037 733 1187 776 adhuc
1213 732 1402 791 cogniti.

244 807 502 866 Aliquanto
523 808 751 852 inferioris
771 815 892 852 notae
913 814 983 852 est
1002 808 1067 858 P„
1087 807 1504 867 Heidelbergensis
1524 806 1700 851 Biblio-

175 885 325 929 thecae
350 884 461 927 olim
490 884 731 938 Palatinae‚
757 900 881 929 nunc
904 884 1216 929 Academicae.
1288 884 1379 928 Est
1409 885 1700 928 membrana-

175 975 285 1005 ceus
321 960 464 1005 seculi
490 961 640 1018 quarti
670 960 839 1004 decimi
866 961 988 1005 foliis
1020 966 1237 1005 constans
1269 960 1380 1017 468.
1407 960 1565 1003 formae
1589 975 1699 1018 qua-

175 1037 319 1081 dratae
365 1036 551 1095 majoris
598 1036 666 1089 (in
710 1036 940 1081 Wilkenii
989 1036 1215 1097 Catalogo
1263 1053 1304 1096 p.
1334 1036 1462 1097 277.)
1528 1035 1698 1081 Insunt

175 1111 384 1172 Odyssea
415 1128 521 1156 cum
558 1112 758 1165 scholiis,
785 1112 1322 1172 Batrachomyomachia,
1349 1113 1697 1173 Argumentum

174 1187 394 1247 Odysseae
421 1195 468 1232 et
493 1188 583 1232 alia
607 1189 842 1233 nonnulla.
915 1190 1207 1234 Scholiorum
1233 1190 1488 1249 specimina
1517 1205 1576 1233 ex
1610 1190 1696 1234 hoc

172 1264 333 1308 codice
368 1265 518 1309 edidit
543 1264 802 1309 Creuzerus
832 1266 998 1310 Melet.
1033 1282 1067 1310 1.
1106 1282 1147 1325 p.
1173 1266 1398 1326 48—56.,
1426 1272 1578 1310 totum
1616 1281 1697 1310 ex-

171 1342 314 1385 cussit
359 1341 692 1387 Buttmannus.
764 1342 952 1387 Scholia
993 1343 1129 1401 hujus
1168 1343 1271 1387 libri
1314 1342 1448 1387 valde
1486 1344 1611 1387 inter
1647 1358 1695 1387 se

171 1418 412 1462 dissimilia
444 1425 565 1463 sunt.
638 1418 764 1464 Nam
799 1419 973 1463 scholia
1010 1420 1358 1479 rhapsodiarum
1388 1422 1442 1470 Δ,
1470 1418 1526 1471 Ε,
1553 1418 1602 1471 Ζ,
1630 1419 1693 1465 H.

171 1492 319 1538 literis
344 1494 667 1540 minutissimis
692 1503 740 1540 et
765 1502 954 1555 propter
978 1497 1255 1556 compendia
1279 1496 1405 1541 lectu
1431 1496 1694 1542 difficilibus

171 1569 342 1627 scripta
368 1575 492 1613 notae
529 1576 637 1614 sunt
670 1571 873 1616 melioris
898 1578 947 1616 et
972 1587 1091 1631 saepe
1127 1573 1290 1616 eadem
1318 1588 1418 1631 quae
1453 1574 1499 1616 in
1525 1573 1694 1617 codici-

170 1644 257 1690 bus
283 1645 347 1689 H.
369 1645 426 1698 Q.
448 1665 457 1688 :
496 1646 574 1689 sed
600 1646 789 1705 reliquis
813 1648 1070 1707 rhapsodiis
1095 1661 1195 1707 quae
1219 1664 1246 1693 a
1269 1665 1411 1694 manu
1437 1651 1693 1695 recentiore

169 1721 300 1766 allita
330 1730 438 1765 sunt
474 1722 649 1766 scholia
680 1723 832 1767 multo
865 1724 1078 1769 breviora
1110 1732 1219 1770 sunt
1251 1741 1338 1770 nec
1368 1741 1468 1770 raro
1501 1726 1621 1770 levia
1645 1734 1694 1771 et

170 1798 336 1848 futilia,
374 1798 599 1842 nonnulla
636 1799 752 1843 adeo
787 1815 845 1843 ex
878 1799 1073 1845 Joannis
1105 1801 1285 1846 Tzetzae
1321 1803 1536 1861 operibus
1568 1809 1693 1848 tran-

169 1875 352 1933 scripta,
378 1874 508 1919 velut
541 1890 647 1933 quae
676 1874 975 1935 Argumento
1001 1875 1218 1936 Odysseae
1251 1877 1459 1937 subiecta
1492 1886 1600 1923 sunt
1632 1895 1690 1923 ex

167 1950 295 1994 illius
326 1953 662 1996 commentario
695 1953 742 1996 in
778 1952 1130 2012 Lycophronem
1171 1969 1210 1997 v,
1240 1954 1362 2006 818„
1393 1963 1474 1998 aut
1505 1955 1690 1999 scholiis

166 2026 341 2071 inserta
373 2028 430 2071 ad
468 2027 525 2080 K,
556 2044 596 2072 2.
632 2035 680 2073 et
705 2026 767 2081 Α,
794 2045 870 2090 90.
903 2045 962 2073 ex
992 2030 1156 2074 eodem
1189 2031 1521 2075 commentario
1553 2032 1610 2075 ad
1650 2048 1688 2076 v,

171 2114 279 2162 743.
298 2103 420 2163 683„
448 2111 496 2149 et
520 2106 576 2149 ad
600 2103 659 2157 Λ,
680 2106 720 2150 8.
747 2121 805 2150 ex
831 2106 1011 2150 Tzetzae
1035 2105 1289 2166 Allegoriis
1315 2105 1564 2166 Odysseae3
1601 2124 1689 2152 nec

167 2178 361 2224 meliora
397 2196 497 2238 quae
536 2182 595 2225 (le
627 2183 818 2226 nomine
855 2186 975 2233 μῶλυ
1006 2197 1065 2226 ex
1102 2183 1388 2241 Hippocrate
1424 2190 1473 2227 et
1505 2183 1687 2229 Galeno

166 2257 442 2315 compilator
466 2259 659 2303 inseruit
684 2260 868 2305 scholiis
892 2260 949 2305 ad
978 2258 1035 2311 K,
1063 2273 1172 2319 305.

234 2332 376 2377 Libro
411 2333 625 2379 Palatino
655 2351 810 2381 rursus
843 2336 1097 2380 deteriores
1129 2341 1237 2379 sunt
1267 2334 1563 2380 Ambrosiani
1595 2337 1685 2381 (luo

164 2409 222 2453 ab
246 2408 307 2453 A.
332 2409 462 2455 Maio
487 2414 709 2471 usurpati,
737 2429 853 2471 quos
888 2413 1033 2457 literis
1065 2411 1118 2455 B.
1145 2419 1194 2456 et
1225 2411 1278 2457 E.
1305 2418 1534 2456 notamus.
1596 2412 1686 2457 Eo-

164 2501 264 2529 rum
293 2488 415 2545 prior
440 2488 613 2545 (Partis
637 2490 884 2547 superioris
908 2488 963 2532 B.
991 2490 1089 2549 99.)
1117 2489 1419 2546 bombycinus
1446 2496 1515 2533 est
1541 2490 1681 2533 seculi

165 2561 312 2619 quinti
341 2562 524 2612 decimi,
552 2564 699 2609 forma
723 2564 960 2623 quadrata.
1031 2562 1219 2608 Scholia
1243 2563 1384 2607 habet
1409 2563 1683 2622 plerumque

164 2636 377 2682 breviora
400 2654 546 2697 usque
571 2641 627 2684 ad
654 2641 907 2700 rhapsodiae
932 2640 974 2682 Φ
1003 2640 1204 2689 initium,
1230 2655 1426 2697 quorum
1464 2654 1565 2697 pars
1601 2640 1683 2683 ali-

165 2727 256 2770 qua
288 2729 393 2757 cum
431 2716 616 2760 scholiis
651 2717 864 2761 codicum
899 2731 1013 2774 quos
1048 2730 1183 2774 supra
1215 2715 1539 2774 descripsimus
1575 2731 1682 2760 con-

165 2790 321 2841 sentit,
347 2790 436 2834 alia
471 2791 670 2849 plurima
699 2794 886 2852 originis
918 2798 1026 2836 sunt
1061 2791 1211 2836 multo
1237 2792 1521 2842 recentioris,
1548 2792 1679 2836 velut

164 2879 266 2922 quae
290 2867 455 2924 passim
483 2882 541 2911 ex
564 2868 812 2914 Eustathio
838 2869 1030 2912 inseruit
1060 2867 1367 2925 interpolator
1394 2869 1514 2923 (vide
1538 2869 1593 2912 ad
1621 2867 1677 2921 Β,
