1907 3270
175 137 272 180 xliv
725 136 883 181 PRAE
897 135 1136 183 FATIO.

172 247 226 293 τὸ
252 247 380 306 ἐγγὺς
405 248 451 292 οὐ
475 251 660 296 τοπικῶς
684 252 761 302 νῦν,
787 248 907 293 ἀλλὰ
933 253 1149 312 χρονικῶς.
1186 250 1226 294 ἐν
1252 249 1441 309 Ὠγυγίᾳ
1467 248 1556 312 γὰρ
1582 253 1693 309 νήσῳ

172 324 233 375 ἧν.
268 323 390 371 λύσις
427 322 470 366 δὲ
507 327 642 367 τοῦτο
679 328 760 368 τοῦ
795 325 1064 388 ἀποροῦντος
1101 328 1156 375 εἷς
1191 325 1246 371 τὸ
1281 326 1426 385 ἐγγύς.
1473 324 1693 371 τάσσεται

173 398 260 460 γὰρ
297 402 429 442 τοῦτο
467 399 533 442 καὶ
576 399 645 443 ἐπὶ
685 401 845 462 χρόνον
884 403 952 446 καὶ
995 402 1065 447 ἐπὶ
1101 402 1258 447 τόπου.
1330 402 1568 456 Similiter,
1612 403 1692 448 sed

172 476 340 519 omisso
378 474 617 534 Porphyrii
659 478 861 530 nomine,
896 478 1010 523 B.E.
1044 486 1098 523 ut
1131 480 1227 523 dixi
1257 480 1303 523 in
1340 479 1617 538 Appendioe
1650 495 1693 538 p.

171 566 265 607 741.
472 568 538 608 19.
576 552 654 604 τὴν
697 552 739 597 ⁶13
777 553 888 616 πρὸς
926 554 1067 608 δείλην
1104 555 1289 608 κειμένην
1327 562 1398 601 est
1437 555 1499 616 gl.
1537 557 1583 600 in
1629 555 1693 602 H.

169 627 302 671 Idem
328 627 536 672 scholion
561 628 702 674 habet
727 631 1359 694 εὔσημον-περιγραψάμεναι
1379 648 1457 677 :—
1623 650 1691 691 30.

169 702 395 765 ἑσπερίαν]
423 705 479 763 τῇ
502 704 683 766 ἑσπερῖᾳ
712 705 775 750 Η.

236 790 287 835 Ρ.
314 794 380 846 98,
404 809 446 847 4.
470 791 538 835 καὶ
565 807 654 839 om.
684 792 810 839 O.V.
950 800 987 840 8.
1016 794 1060 839 δέ
1083 795 1226 840 habet
1250 797 1392 840 etiam
1420 795 1479 839 D.
1615 795 1685 839 ἐπὶ

167 866 245 927 τὸ]
270 868 339 912 ἐπὶ
364 872 444 913 τοῦ
468 868 545 923 Η.,
573 886 666 914 non
693 870 752 915 D.
959 890 1023 931 19.
1055 873 1169 918 POSt
1198 873 1407 925 ἐναίσιμοι
1436 873 1499 917 H.
1524 874 1689 933 pergit,

166 943 275 992 τινὲς
298 948 515 990 ποτῶντο.
554 946 646 991 οὐδὲ
669 947 930 1010 ἁκυρότερον
955 949 1024 993 ἐπὶ
1058 950 1233 1012 ὀρνίθων
1256 949 1313 994 τὸ
1331 953 1534 994 ποτῶντο
1553 965 1561 994 ζ
1599 947 1694 994 οὐδέ

165 1035 240 1065 τεῖ
278 1021 487 1082 περισσὸς
511 1023 534 1066 ὁ
561 1024 627 1067 Τ-Ε.
675 1024 716 1066 ἐν
741 1023 784 1068 δὲ
806 1031 899 1073 τοῖς
924 1032 1013 1070 etc.

234 1107 286 1152 Ρ.
313 1126 379 1166 99,
409 1124 445 1165 7.
483 1108 701 1172 διήγειρες]
737 1112 983 1160 ἀναπείθοις
1007 1114 1138 1157 addit
1170 1111 1234 1157 H.
1308 1113 1393 1157 Est
1417 1113 1534 1158 alius
1559 1114 1690 1158 scho-

165 1183 213 1228 lii
239 1184 440 1238 initium,
467 1187 591 1244 quod
617 1195 687 1233 est
713 1189 856 1233 etiam
888 1189 936 1233 in
963 1188 1083 1234 O.V.
1305 1190 1351 1250 ἡ]
1391 1189 1552 1234 Scribe
1588 1192 1610 1241 ἦ
1647 1188 1691 1234 δὲ

165 1275 226 1305 ΘΧ
252 1260 377 1306 ΟΝΤ.
567 1267 605 1308 8.
642 1271 735 1313 τοῖς
769 1266 866 1310 κυσί
889 1281 979 1310 om.
1007 1265 1198 1311 H.O.V.
1379 1283 1443 1310 10.
1481 1264 1623 1325 ψιλοῖ
1645 1265 1689 1311 δὲ

161 1334 426 1386 Ἐλλάνικος
463 1337 608 1400 παρὰ]
650 1339 790 1400 ψιλοῖ
823 1340 867 1386 δέ
901 1363 966 1390 τις
1101 1340 1222 1404 παρὰ
1254 1341 1313 1395 D,
1356 1358 1463 1387 cum
1506 1342 1684 1387 lacuna.

169 1418 234 1456 16.
261 1412 376 1472 ἀπὸ]
410 1415 452 1458 ἐκ
487 1414 567 1469 Η.,
593 1432 685 1462 non
712 1417 771 1463 D.
978 1435 1043 1465 22.
1076 1417 1133 1463 τὸ
1167 1419 1442 1471 ὑποθήσομαι
1481 1418 1578 1462 ἀντὶ
1611 1423 1691 1463 τοῦ

164 1490 543 1545 συμβουλεύσομαι
564 1494 709 1538 ῖ-Η,
878 1512 943 1550 24.
970 1493 1195 1557 περιττὸν,
1211 1495 1466 1555 ἀπότομον]
1487 1495 1585 1557 περὶ
1609 1494 1688 1540 τὸν

163 1562 332 1617 ἐι’τόμον
358 1566 421 1611 H.
626 1587 648 1616 2
653 1586 694 1629 5.
725 1571 951 1632 ἐχρήσατο
977 1587 1068 1616 om.
1096 1570 1160 1615 H.
1187 1579 1235 1615 et
1260 1578 1415 1631 potest
1446 1572 1606 1617 abesse
1636 1579 1689 1616 ut

165 1659 208 1702 p.
231 1661 325 1701 207,
354 1662 420 1700 24.
447 1647 770 1708 similibusque
804 1649 1120 1694 locutionibus
1153 1651 1199 1693 in
1227 1650 1389 1694 Indice
1414 1650 1472 1694 ab
1496 1665 1573 1695 me
1597 1649 1691 1694 col-

163 1719 296 1765 lectis
319 1737 362 1780 Ρ.
391 1727 501 1779 807..
528 1725 608 1769 sed
633 1725 776 1770 habet
802 1725 861 1770 D.

230 1796 282 1841 P.
305 1814 399 1851 100,
432 1816 468 1842 Ι.
495 1801 747 1858 γαμούντων
765 1818 773 1847 ζ
790 1829 857 1835 —-
874 1802 936 1847 H.
1139 1803 1354 1860 κειμήλια]
1397 1804 1594 1860 γαμήλια
1625 1801 1685 1848 D.

165 1888 202 1917 2.
239 1876 368 1931 ἤγουν
392 1873 449 1918 τὰ
475 1875 715 1936 ἐξώπροικα
741 1893 832 1922 0111.
858 1878 918 1923 D.
1122 1884 1160 1922 6.
1198 1877 1422 1938 γαμνῇλια]
1448 1879 1592 1929 μείλια
1621 1878 1685 1924 H.

167 1963 231 1991 12.
257 1948 390 2000 ἔμπης
416 1965 505 1995 om.
535 1950 597 1996 H.
774 1968 836 2010 13.
864 1954 962 1996 οὔτε
996 1952 1093 2011 τὸν]
1126 1954 1173 1997 οὗ
1196 1953 1275 1998 τὸν
1302 1953 1364 1997 Η.
1544 1959 1608 1998 18.
1635 1956 1683 2015 ὁ]

162 2023 185 2066 ὁ
211 2021 255 2068 δὲ
281 2023 343 2068 H.
488 2041 555 2084 25.
581 2028 883 2089 παροξυτόνως
908 2031 930 2080 ἡ
955 2029 1094 2081 ὑμέας.
1131 2030 1227 2073 ἔστι
1256 2027 1343 2088 ’γὰρ
1370 2029 1410 2073 ἆ.
1437 2029 1580 2075 habet
1606 2030 1670 2073 H.

229 2112 283 2157 P.
315 2130 408 2166 101,
436 2131 473 2159 2.
500 2117 735 2177 σκευωρεῖν]
768 2123 988 2178 σκαιωρεῖν
1015 2117 1072 2162 D.
1099 2125 1151 2162 ut
1177 2117 1231 2161 Ε.
1440 2132 1503 2174 17.
1534 2119 1590 2162 In
1618 2118 1680 2163 H.

162 2203 252 2232 non
278 2190 421 2251 χρείω,
448 2193 528 2236 sed
552 2192 681 2253 χρειώ
707 2199 760 2237 ut
788 2193 858 2237 M.

229 2265 281 2310 P.
304 2283 395 2318 102,
416 2285 453 2325 9.
481 2267 633 2330 ἐχυρὸν
659 2268 867 2314 Crameri
892 2285 1017 2314 error
1041 2277 1124 2314 est.
1162 2270 1325 2315 Codex
1349 2271 1513 2332 έχωρον,
1536 2270 1681 2317 literis

159 2342 242 2386 ἕνα
263 2343 390 2388 tinea
415 2344 641 2389 absumtis
666 2346 711 2389 in
737 2347 870 2390 initio
889 2361 1059 2391 versus.
1104 2346 1412 2391 scribendum
1438 2347 1581 2406 igitur
1599 2347 1682 2390 ἐνέ-

159 2437 305 2478 χυρον.
378 2418 539 2464 Habet
563 2421 650 2465 hoc
680 2421 887 2466 scholion
918 2424 1057 2467 etiam
1098 2422 1176 2474 H.‚
1210 2423 1290 2466 sed
1324 2423 1502 2466 omissis
1528 2423 1678 2467 verbis

158 2496 495 2554 παραβαλόντες
519 2497 601 2541 καί.
764 2516 827 2553 14.
852 2498 908 2543 τὸ
934 2498 976 2543 δὲ
1001 2497 1115 2543 οἶκον
1139 2497 1348 2548 ὁδυσσῆος
1393 2502 1680 2549 μετωνυμικῶς

158 2576 248 2614 etc.
278 2570 339 2615 H.
411 2572 549 2625 Quod
576 2589 634 2617 ex
661 2576 708 2618 S.
734 2574 868 2619 affert
905 2575 1151 2620 Cramerus
1183 2577 1478 2635 παρωνυμικῶς
1511 2575 1677 2618 eodem

157 2662 295 2704 quem
329 2649 470 2693 modo
503 2651 721 2695 notabam
757 2666 909 2697 errore
944 2652 1123 2696 nititur.
1194 2650 1320 2695 Nam
1351 2651 1498 2694 codex
1535 2670 1681 2702 ωνυμι-

157 2724 245 2774 κῶς,
271 2723 497 2769 absumtis
522 2725 668 2771 literis
692 2747 789 2778 μετ.
943 2745 1007 2785 19.
1030 2728 1085 2772 In
1111 2728 1157 2772 S.
1184 2728 1282 2772 sine
1307 2726 1528 2771 lemmate
1555 2729 1677 2785 (post

159 2844 400 2902 παρήμενον
442 2845 468 2888 l.
518 2848 628 2898 16.):
678 2849 774 2906 ῥιαν
815 2847 903 2909 ’γὰρ
942 2849 1121 2893 παύεται
1170 2848 1235 2893 καὶ
1274 2849 1414 2907 λόγον
1455 2848 1542 2909 ἔχει
1587 2853 1677 2891 etc.

158 2916 368 2962 Verbum
395 2921 572 2964 παύεται
601 2922 646 2965 in
673 2924 806 2967 initio
829 2939 987 2969 versus
1012 2926 1235 2983 script-um
1261 2926 1346 2969 sub
1377 2927 1591 2975 ωνυμικῶς,
1619 2924 1675 2968 (le
