1907 3270
200 114 375 159 xxxviii
750 105 1162 152 PRAEFATIO.

198 226 248 286 ἐξ
277 223 486 286 ἀναδοχῆς
521 239 644 268 error
675 223 897 268 Crameri.
968 221 1120 266 Recte
1152 222 1195 264 ἐκ
1232 219 1432 282 διαδοχῆς
1464 221 1510 264 in
1541 220 1717 265 codice.

203 319 269 346 21.
295 301 525 355 ἐσθίοντες]
560 300 665 343 Hoc
691 298 939 344 Cramerus
975 299 1117 343 tacite
1154 298 1398 342 substituit
1434 313 1516 356 pro
1552 296 1720 341 ἑστίον-

199 398 281 425 τες.
352 376 659 421 Scribendum
687 376 923 423 ἑστιῶντες.

267 453 318 497 Ρ.
346 458 411 511 65,
433 457 497 497 16.
536 452 620 497 Est
655 451 863 497 scholion
890 451 1144 510 Porphyrii,
1178 451 1308 510 cujus
1343 465 1513 495 nomen
1549 449 1717 494 adscri-

200 537 332 588 ptum
358 530 403 572 in
430 529 489 572 D.
696 532 759 572 18.
787 546 839 586 γε
864 543 953 571 om.
979 527 1040 572 D.

265 603 318 649 P.
344 609 413 658 66,
436 621 473 650 2.
498 604 819 665 ἇνέστραπται]
849 603 1183 664 ἁντέστραπται
1212 603 1268 646 D.
1290 608 1344 646 ut
1369 601 1426 647 E.
1598 617 1639 660 5.
1665 620 1719 661 γε

197 688 302 742 post
328 681 431 729 Διός
457 697 546 725 om.
575 680 634 726 D.
835 685 986 739 5.--8.
1013 680 1034 732 ἦ
1061 680 1418 742 σύγε--ἆρέσθαι
1446 695 1536 726 om.
1563 679 1622 725 D.

265 757 317 801 P.
345 763 415 814 67,
443 773 508 815 27.
531 757 737 815 Ἀθηνᾶς]
772 757 934 802 Scribe
957 757 1238 809 τῆςἈΘηνᾶς
1264 772 1322 800 ex
1348 755 1411 800 H.

269 835 318 880 P.
339 838 407 888 68,
423 852 462 894 3.
489 835 543 879 In
568 834 629 879 H.
649 834 923 896 ἐρχομένοιοζ
956 833 1065 882 τινὲς
1090 831 1341 895 γράφουσιν
1360 833 1605 894 οἰχομένοιο
1627 839 1716 878 etc.

199 910 444 971 οἰχομένοιο
479 913 618 955 etiam
647 911 707 964 S„
734 926 825 956 non
855 910 1100 972 εὐχομένοιο
1134 917 1187 954 ut
1213 910 1472 954 Cramel'us.
1676 914 1716 954 6.

198 991 277 1031 τοῦ
299 986 416 1046 τῇδε]
455 991 533 1031 τοῦ
556 992 610 1039 τῆ
636 986 678 1031 δὲ
704 986 765 1039 S„
796 1003 888 1031 non
912 990 991 1032 τοῦ
1026 985 1068 1031 δὲ
1103 993 1154 1031 ut
1185 987 1445 1032 Cramerus.
1651 1003 1717 1031 11.

199 1063 432 1121 ἀγγέλλει]
475 1064 681 1122 ἁγγείλοι
718 1063 775 1108 D.
1006 1079 1069 1108 12.
1100 1081 1163 1122 13.
1198 1060 1494 1125 οἷον-φησι
1531 1077 1622 1107 om.
1654 1060 1716 1106 D.

203 1143 266 1182 18.
292 1138 516 1198 κτητικῶς]
549 1141 740 1185 κτϊτϊκῶς
768 1138 829 1189 S„
858 1154 951 1182 non
984 1139 1148 1187 ἀτικῶς.
1366 1155 1432 1183 21.
1458 1137 1513 1183 τὸ
1546 1138 1710 1198 ἥντινα]

198 1213 253 1258 τὸ
278 1218 299 1266 ἦ
324 1235 419 1259 τινα
441 1214 499 1259 D.
671 1231 737 1261 22.
763 1214 1062 1276 ἐξεφαύλισεν]
1089 1215 1348 1277 ἐξεφαύλισε
1373 1214 1416 1259 δὲ
1435 1213 1495 1259 D.
1643 1213 1710 1274 ὃν]

200 1291 240 1334 ἐν
265 1290 377 1336 D.S.
450 1291 639 1335 Falsum
667 1298 737 1335 est
762 1291 802 1334 ἐν
826 1291 1047 1336 omissum
1073 1306 1171 1336 esse
1195 1292 1241 1335 in
1270 1292 1316 1336 S.

275 1366 328 1411 P.
359 1372 426 1424 69,
456 1384 499 1425 5.
537 1367 738 1427 τέσσαρα
781 1368 971 1419 σημαίνει
1005 1366 1058 1411 τὸ
1094 1365 1254 1429 τάφος·
1311 1370 1332 1419 ἡ
1369 1373 1493 1420 νῆσος
1529 1376 1616 1414 etc.
1655 1368 1714 1413 D.

204 1458 268 1500 17.
294 1444 562 1502 ἐπιγένηται]
604 1443 680 1488 Sic
707 1445 846 1488 etiam
873 1444 998 1497 D.S.‚
1024 1460 1118 1488 non
1144 1445 1433 1503 ἐπιγενέσθαι,
1458 1446 1580 1505 quod
1607 1446 1719 1491 Cra-

198 1535 354 1566 merus
378 1520 524 1564 codici
551 1519 597 1564 S.
624 1520 802 1564 tribuit.
1008 1537 1074 1566 22.
1102 1519 1159 1565 In
1184 1522 1386 1566 Crameri
1414 1523 1716 1567 annotatione

197 1612 279 1655 pro
307 1611 429 1651 2404.
454 1597 631 1655 corrige
658 1613 781 1654 2403.
960 1600 1024 1641 28.
1053 1596 1108 1641 In
1133 1596 1179 1641 S.
1205 1597 1230 1640 ὅ
1253 1597 1349 1641 ἐστι
1374 1600 1437 1655 τῷ
1461 1596 1715 1657 μεσαιτάτῳ

193 1672 482 1732 πανταχόθεν,
509 1673 678 1716 omisso
703 1673 784 1716 καί.

257 1747 312 1814 Ρ.
340 1763 407 1804 70,
430 1762 465 1804 7.
502 1748 672 1803 μέλλει]
710 1746 886 1806 μεγάλα
914 1749 974 1792 D.
1200 1755 1263 1795 16.
1301 1750 1461 1795 ἀλέεινε
1495 1753 1708 1810 γυναικός]

193 1825 248 1868 In
287 1824 347 1868 D.
383 1824 556 1869 lemma
592 1825 680 1883 εὐνῇ
716 1823 748 1867 δ’
778 1826 952 1869 οὔποτε.
1178 1842 1241 1883 17.
1277 1828 1451 1888 ἔχουσιν
1490 1828 1708 1888 ὑποψίας]

194 1900 357 1945 Scribe
391 1900 588 1948 ὑπονοίας
620 1901 792 1960 ἔχουσιν
825 1916 883 1946 eX
917 1901 1042 1955 H.Q.
1247 1917 1313 1959 27.
1339 1903 1717 1964 τό--πεπλεγμέ-

196 1978 281 2032 νον]
309 1977 710 2035 σι’-πεπλεγμένοι
740 1976 804 2020 Η.
1009 1981 1075 2024 28.
1101 1980 1162 2035 τῷ
1186 1980 1471 2041 κρικίῳ-τῆς
1497 1981 1623 2042 θύρας
1650 1980 1713 2025 Η.

195 2052 339 2097 habet
362 2058 470 2097 ante
495 2052 674 2111 λέγεται
695 2069 736 2097 v.
765 2070 787 2098 2
790 2067 830 2111 5.

260 2129 311 2174 P.
341 2145 405 2187 71,
428 2146 463 2173 Ι.
488 2130 557 2191 ὑφ’
581 2132 710 2187 ἡμῶν]
740 2132 844 2192 παρ’
863 2133 959 2183 ἡμῖν
984 2132 1042 2175 D.
1238 2149 1275 2177 2.
1303 2131 1432 2193 εἶχεν]
1464 2132 1554 2194 εἶχε
1576 2137 1713 2179 τοῦτο

191 2207 252 2252 D.
278 2213 418 2251 recte.
468 2210 603 2251 τοῦτο
629 2206 740 2269 εἶχεν
760 2207 885 2253 O.V.
1065 2206 1386 2269 ἐξηρτημένους]
1426 2207 1714 2271 ἐξηρτημένων

192 2282 367 2328 O.V.S.
573 2301 642 2329 21.
670 2284 879 2346 ἑταίρους]
914 2284 990 2329 Sic
1018 2284 1079 2337 S„
1107 2300 1198 2329 non
1226 2286 1406 2346 ἑτέρους.

257 2358 309 2402 Ρ.
332 2374 398 2415 72,
426 2366 573 2405 2.-6.
599 2359 820 2404 Alterum
847 2360 934 2404 hoc
960 2359 1307 2421 Argumentum
1336 2362 1479 2408 habet
1505 2361 1579 2416 0.,
1600 2364 1714 2407 omi-

193 2436 251 2478 sit
270 2433 327 2479 V.
387 2434 465 2480 Ad
489 2435 787 2496 Argumenta
811 2437 1093 2496 reliquarum
1118 2438 1467 2497 rhapsodiarum
1495 2439 1618 2497 quod
1644 2445 1714 2483 at—

193 2513 325 2564 tinet,
351 2529 452 2571 quae
488 2520 674 2558 exstant
699 2515 745 2558 in
772 2514 843 2567 O„
869 2514 1012 2559 habet
1041 2516 1204 2561 eadem
1231 2516 1384 2561 Aldus
1409 2517 1465 2560 ad
1493 2515 1544 2569 Γ,
1571 2516 1627 2568 Δ,
1653 2514 1712 2569 Ε,

193 2588 242 2641 Ζ,
269 2588 304 2643 Ι,
330 2588 381 2640 Ξ,
409 2591 564 2635 omisit
589 2606 697 2635 vero
722 2592 780 2635 ad
808 2590 869 2644 H,
896 2590 949 2642 Θ,
973 2591 1019 2634 Κ
1044 2598 1092 2636 et
1117 2599 1295 2638 ceteras
1320 2594 1600 2653 rhapsodias,
1623 2594 1710 2637 nisi

194 2665 316 2723 quod
341 2671 449 2709 ante
478 2665 651 2711 scholia
675 2667 930 2726 rhapsodias
956 2667 995 2710 Θ
1016 2668 1113 2727 (fol.
1139 2666 1236 2727 50b)
1263 2669 1477 2713 relictum
1503 2674 1573 2713 est
1598 2668 1712 2712 lem-

192 2739 516 2788 ma‘Ym-o'Oeo-cs*
534 2746 608 2792 τῆς
628 2741 695 2786 Θ’.
746 2741 951 2787 Videtur
968 2742 1124 2788 Aldus
1149 2744 1372 2791 ὑποθέσεις
1396 2758 1556 2788 omnes
1576 2744 1712 2788 omit-

193 2822 294 2859 ‘tere
318 2816 529 2868 voluisse,
556 2832 700 2875 quum
722 2819 820 2876 jam
847 2826 1007 2864 textus
1033 2819 1183 2865 Graeei
1211 2820 1491 2865 editionibus
1516 2820 1711 2879 praefixae

195 2899 376 2936 essent:
427 2901 480 2935 ut
521 2907 667 2949 pauca
703 2909 802 2951 quae
841 2897 1040 2940 servavit
1074 2895 1372 2955 Argumenta
1407 2910 1513 2941 casu
1556 2897 1710 2954 potius
