1907 3270
203 116 297 160 lxiv
770 107 1174 156 PRAEFATIO.

271 229 324 272 P.
351 233 447 283 614,
476 242 543 285 25.
580 224 861 273 ἆπὸ--σ-ἷτος
886 239 977 268 om.
1004 226 1061 267 H.

270 314 322 359 P.
349 319 446 371 617.
475 329 513 371 7.
551 312 696 372 ἡλίου]
736 312 896 357 Scribe
930 308 986 355 τὸ
1023 309 1144 361 ἡλίου
1179 322 1286 352 cum
1312 306 1434 352 0.V.
1460 311 1522 358 et,
1548 309 1601 349 ut
1625 304 1723 363 opi-

201 406 302 444 nor,
327 391 383 444 Q.
453 389 579 434 Nam
604 388 827 433 articulus
852 389 898 432 in
926 386 1044 431 Maii
1070 384 1276 430 editione
1302 382 1560 442 typothetae
1585 379 1722 439 culpa

203 467 429 512 excidisse
465 466 663 510 videtur.
735 464 791 508 ln
828 464 1038 523 margine
1075 461 1130 505 O.
1165 477 1191 506 a
1220 475 1361 505 manu
1391 458 1533 504 seculi
1569 457 1718 516 quinti

202 543 371 587 decimi
408 543 503 586 haec
538 542 769 601 adscripta
797 545 917 592 sunt,
943 540 1040 584 ἔνθα
1076 537 1215 599 φασὶν
1248 535 1347 580 εἶναι
1384 533 1438 580 τὸ
1465 534 1585 586 ἡλίου
1609 535 1723 585 σπή-

202 623 341 662 λαιον.
377 619 557 677 λέγουσι
585 616 672 678 γὰρ
698 618 781 661 ε’κεῖ
809 619 986 678 πρῶτον
1011 616 1221 676 εὑρεθῆναι
1256 611 1310 657 τὸ
1343 611 1581 670 λεγόμενον
1606 612 1724 662 ἡλιο-

201 694 403 755 τρόπιον,
430 693 477 737 δι’
505 694 553 738 οὗ
575 694 913 752 ἐπιγινώσκομεν
938 691 1051 735 πότε
1075 691 1097 734 ὁ
1123 689 1241 742 ἥλιος
1275 690 1328 736 εἷς
1357 686 1594 749 χειμερινὴν
1617 705 1725 747 τρο-

906 780 947 803 e«

202 803 284 855 πὴν
307 803 571 854 μεθίσταται
597 803 664 846 καὶ
691 803 804 847 πότε
828 803 882 850 είς
906 820 951 866 μ’
976 800 1196 860 ’γινόμενος
1222 797 1443 858 ἰσημερίαν
1468 796 1692 840 ἀποτελεῖ.

270 891 324 934 Ρ.
351 896 447 943 621,
475 894 513 934 8.
557 890 818 948 Utramque
853 889 1058 933 ὑπόθεσιν
1089 887 1231 931 habet
1256 886 1328 938 O„
1356 885 1552 944 priorem
1580 884 1722 929 etiam

204 970 260 1011 H.
400 982 464 1024 15.
505 966 796 1025 Πηνελοπείῃ]
837 966 997 1010 Scribe
1025 962 1260 1021 Πηνελόπῃ
1285 962 1362 1013 τὴν
1387 961 1630 1022 παρουσίαν
1656 960 1726 1004 αὗ-

202 1046 282 1086 τοῦ
306 1058 364 1086 eX
390 1042 447 1086 O.
613 1047 676 1085 18.
701 1040 1000 1102 Ἀμφίνομος]
1034 1039 1195 1084 Scribe
1222 1037 1480 1099 ἀφικόμενος
1505 1035 1726 1097 Ἀμφίνο-

201 1137 279 1169 μος
303 1133 411 1162 cum
427 1117 483 1164 Ο.
623 1134 691 1175 23.
716 1117 794 1168 τὴν
812 1113 1318 1175 ἑωθινὴν-ἀκρατισμόν
1343 1114 1486 1158 habet
1505 1113 1646 1157 etiam
1667 1111 1725 1156 Ο.

272 1205 323 1249 Ρ.
343 1210 437 1254 622,
458 1219 620 1261 7—10.
647 1203 864 1249 Delenda
889 1203 983 1246 liaec
1007 1202 1263 1253 annotatio,
1289 1215 1429 1258 quam
1450 1198 1507 1242 O.
1532 1199 1580 1242 in
1605 1214 1726 1243 mar-

202 1281 310 1341 gine
335 1282 554 1326 inferiore
589 1281 730 1324 habet
754 1295 780 1324 a
805 1295 945 1323 manu
972 1280 1121 1321 multo
1146 1277 1418 1321 recentiore.
1491 1275 1630 1319 Illata
1653 1281 1725 1320 est

203 1358 261 1402 ab
298 1357 629 1417 interpolatore
660 1372 719 1401 ex
758 1355 917 1415 Etym.
953 1354 1022 1399 M.
1063 1369 1105 1413 p.
1133 1357 1230 1411 748,
1255 1367 1324 1410 52.
1362 1367 1468 1396 cum
1505 1351 1605 1395 aliis
1642 1350 1726 1394 hu-

195 1433 401 1492 jusmodi
431 1433 776 1484 additamentis,
802 1447 904 1490 quae
939 1437 1067 1476 recte
1091 1430 1149 1474 ab
1175 1445 1250 1474 me
1276 1430 1426 1487 ejecta
1451 1443 1549 1473 esse
1574 1428 1619 1471 in
1646 1442 1727 1471 an-

204 1510 455 1554 notatione
481 1510 538 1553 ad
578 1526 621 1569 p.
648 1514 746 1567 630,
770 1524 809 1566 5.
848 1523 972 1552 nunc
1010 1506 1276 1566 planissime
1310 1505 1631 1564 cognoscimus
1667 1519 1726 1549 ex

205 1585 278 1637 O„
311 1587 387 1644 qui
426 1601 480 1630 ea
513 1586 671 1630 omnia
699 1585 756 1630 ab
790 1600 931 1628 manu
970 1583 1288 1627 recentissima
1323 1582 1369 1625 in
1403 1581 1612 1641 margine
1647 1581 1728 1624 ad-

203 1662 375 1720 scripta
398 1662 555 1706 habet.
748 1664 787 1705 8.
812 1661 982 1722 ταφών.
1019 1658 1197 1713 Ἰωνική]
1242 1658 1393 1702 Recte
1417 1657 1575 1718 ταφῶν
1596 1656 1729 1701 Ἰωνι-

203 1739 279 1785 κῶς
303 1738 350 1781 in
378 1737 529 1797 Etym.
560 1738 628 1782 M.
649 1733 652 1736 ⁴

271 1813 325 1858 P.
353 1818 449 1868 624,
472 1828 538 1872 25.
575 1813 620 1872 ἦ]
646 1814 669 1865 ἧ
695 1812 760 1856 Η.

273 1889 325 1934 Ρ.
352 1895 449 1948 629,
467 1904 509 1947 5.
536 1890 819 1945 ἀντικείμενα]
854 1890 1163 1935 Scribendum
1190 1890 1253 1934 ἔτι
1279 1889 1443 1941 κείμενα
1463 1903 1567 1932 cum
1596 1887 1728 1932 Stru-

205 1966 294 2009 ViO.
450 1982 514 2020 14.
542 1966 783 2009 νοθεύονται
812 1965 881 2023 ιη’]
914 1963 966 2017 ιη’
990 1966 1232 2010 νοθεύονται
1261 1964 1325 2009 Η.

274 2041 327 2084 Ρ.
354 2046 450 2099 630,
475 2058 516 2098 5.
555 2042 608 2084 In
647 2041 822 2085 scholio
856 2056 915 2086 ex
954 2041 1109 2101 Etym.
1138 2040 1209 2084 M.
1235 2041 1381 2093 illato,
1406 2041 1529 2098 quod
1567 2040 1613 2083 in
1650 2054 1730 2083 a-n-

206 2125 305 2163 not.
331 2120 599 2170 memoravi,
627 2125 674 2161 et
700 2120 770 2170 O„
798 2124 851 2162 ut
879 2119 1016 2162 modo
1043 2119 1155 2170 dixi,
1181 2119 1239 2162 ab
1264 2133 1405 2162 manu
1440 2117 1616 2162 recenti
1653 2117 1734 2161 ha-

206 2195 300 2247 bet,
323 2195 476 2254 μορίου
500 2202 604 2254 post
634 2198 891 2256 στερητικοῦ
915 2194 1182 2253 suppletum
1210 2195 1256 2237 in
1283 2193 1356 2245 V„
1377 2193 1555 2237 omittit
1580 2192 1654 2245 0.,
1681 2193 1729 2235 in

205 2270 396 2328 reliquis
421 2286 526 2314 cum
554 2271 627 2322 V„
655 2286 747 2315 non
775 2286 880 2315 cum
908 2270 1144 2322 Barnesio,
1170 2270 1479 2314 consentiens,

274 2347 327 2390 P.
349 2351 446 2405 633,
472 2363 535 2391 12.
564 2346 670 2391 Hoc
695 2347 901 2391 scholion
930 2347 977 2390 in
1002 2347 1094 2390 fine
1120 2346 1377 2404 rhapsodiae
1403 2345 1578 2389 habent
1604 2344 1728 2389 O.V.

212 2438 274 2481 15.
306 2430 371 2467 16.
405 2421 471 2466 διὰ
497 2440 523 2467 a
549 2423 731 2467 Buttm.
758 2423 971 2467 additum
994 2429 1039 2466 et
1067 2422 1218 2465 ἑαυτοῦ
1242 2437 1324 2480 pro
1349 2422 1480 2464 αὐτοῦ
1504 2421 1729 2479 scriptum

205 2500 449 2544 confirmat
474 2500 531 2543 O.

274 2576 325 2619 P.
352 2581 448 2633 634,
477 2590 514 2632 7.
555 2576 818 2634 Utramque
851 2575 1056 2620 ὑπόθεσιν
1082 2575 1224 2619 habet
1255 2575 1326 2625 O„
1360 2574 1557 2633 priorem
1585 2573 1727 2616 etiam

208 2655 264 2694 H.
406 2668 470 2708 19.
495 2651 795 2711 ἐπειγομένης]
825 2651 1169 2711 COl'l'lgelldul‘n
1195 2649 1492 2707 ἐπιγενομένης
1517 2663 1575 2692 ΘΧ
1602 2649 1660 2692 O.

274 2737 328 2780 P.
355 2742 452 2794 635,
484 2753 545 2794 ¹7·
581 2737 749 2796 Margo
777 2737 836 2782 O.
862 2754 888 2782 a
922 2754 983 2781 m.
1010 2738 1201 2790 recenti,
1226 2737 1376 2780 κύνεον.
1408 2736 1573 2793 γίνεται
1608 2732 1728 2796 παρὰ

205 2810 259 2856 τὸ
280 2812 370 2864 κύω,
397 2812 419 2855 ἲ)
445 2814 635 2864 σημαίνει
663 2812 717 2856 τὸ
744 2817 863 2873 φιλῶ
895 2813 1008 2865 mirso),
1035 2814 1082 2874 ἐξ
1113 2811 1163 2857 οὖ
1184 2813 1250 2856 καὶ
1277 2812 1390 2855 κύων.
1427 2809 1481 2854 τὸ
1507 2808 1595 2870 ’γὰρ
1623 2808 1730 2872 ζῷον

206 2887 456 2951 ἀσπάζεται
481 2887 560 2932 τὸν
585 2890 736 2932 οἰκεῖον
762 2888 992 2941 δεσπότην.
1065 2888 1181 2933 Haec
1205 2888 1404 2932 nominis
1428 2887 1528 2929 κύων
1554 2892 1731 2945 etymo-

206 2965 335 3026 logia
359 2967 594 3025 proposita
618 2967 665 3010 in
692 2965 848 3025 Etym.
875 2965 947 3010 M.
975 2981 1017 3025 p.
1043 2980 1142 3024 549,
1163 2982 1232 3023 33.
