1907 3270
679 121 989 159 ΟΔὙΣΣΕῘΑΣ
1033 122 1073 159 Γ.

111 224 135 242 «ι
161 212 190 264 03⁴

109 293 205 347 ἔθος.
241 299 366 340 Η.Μ.

174 371 284 429 ε’πεί]
320 370 364 417 τό
397 371 407 386 ’
469 370 481 385 '

390 392 473 416 ⁴57th

105 447 304 510 εΟμήρεῖξι)
330 447 401 494 ’ἔθει
409 484 418 493 .
458 453 509 494 Β.

1557 121 1641 164 1529

217 217 322 278 φίλ’,
355 216 439 264 ἐπεὶ
471 216 575 263 τόσα
611 215 740 270 εἷπες”
775 223 881 278 (Od.
915 219 947 274 ὃ,
978 222 1112 278 204.).
1171 219 1384 282 Ὁμηρικον
1408 221 1448 268 δέ
1477 222 1563 267 ε’στι
1598 221 1641 266 τὸ

499 370 662 416 ἐνταῦθα
686 371 954 426 βεβαιωτικὶν
977 370 1044 417 καὶ
1068 372 1199 436 ἀργόν.
1241 374 1280 419 οὐ
1305 373 1382 437 γὰρ
1407 374 1638 420 ἀποδίδοται

175 523 271 576 ἴσως
311 524 508 578 κενοδοξῶν
548 527 566 570 o‘
608 525 777 588 Νέστωρ
819 524 954 571 ἑαυτὸν
995 530 1079 577 τοῖς
1119 532 1339 586 πολεμοῦσι
1384 533 1636 590 συναριθμεῖ;
1653 545 1673 584 5

167 601 178 616 Χ
423 607 440 617 m
559 600 571 616 X
649 603 661 617 Ι
765 608 783 617 Ν
874 601 885 617 s

104 610 208 657 πλην
231 622 502 647 κοινοποιειται
530 623 580 646 τα
603 605 707 658 παθη
733 623 805 647 των
829 610 970 661 φιλων.
1009 607 1062 646 Ε.

657 680 726 736 Τὴν

178 696 272 736 104.
296 680 410 740 μένος
434 678 624 741 ἄσχετοι]

750 679 910 741 ’δύναμιν
934 681 1228 742 ἀκατάσχετοι.
1268 684 1315 725 Ρ.

176 762 270 802 106.
312 755 567 817 πλαζόμενοι]
613 756 681 802 οὐκ
711 754 757 802 ἂν
791 757 869 820 γὰρ
903 762 1087 803 τοσοῦτον
1128 757 1334 817 ὑπέμειναν
1363 757 1453 809 τοὺς
1488 758 1635 811 πόνους.

540 833 591 850 >l
745 832 765 848 ’²

525 843 744 894 ανετλημεν

103 830 180 878 olm}
205 839 326 879 κοινοῦ
351 834 389 880 δὲ
414 832 457 879 τὸ
484 840 508 857 “

105 980 181 1003 non
207 968 253 1004 de
282 968 459 1005 Menelao
481 969 668 1013 dicuntur,
690 971 755 1005 sed
785 970 838 1018 ip-

105 1022 180 1057 sius
213 1028 300 1057 sunt
331 1022 496 1058 Menelai
527 1023 574 1058 ad
605 1024 840 1059 Pisistratum

103 1075 241 1111 verba:
272 1081 313 1111 ut
343 1076 542 1112 dicendum
573 1077 696 1124 potius
727 1077 841 1113 fuerit

102 1129 158 1163 καῖ
181 1129 344 1170 Μενέλαος
364 1131 414 1164 ἐπὶ
434 1135 488 1164 τοῦ
510 1133 767 1178 Πεισιστράτου.

161 1193 195 1217 2.
218 1180 299 1229 ἔθος]
325 1179 394 1226 ἦθος
416 1183 473 1218 Μ.

157 1247 193 1281 9.
223 1235 287 1270 ἀπὸ
309 1236 424 1282 κοινοῦ]
459 1236 560 1272 Usus
585 1236 756 1272 formulae
778 1238 839 1272 ἀπὸ

101 1293 198 1324 κοινοῖ]
236 1301 314 1324 non
351 1289 412 1325 hic
449 1295 610 1331 tantum,
647 1290 712 1325 sed
753 1290 838 1326 alibi

102 1342 213 1378 etiam
236 1341 493 1379 difficultatem
521 1343 684 1391 aliquam
714 1344 836 1385 affert,

102 1394 207 1442 cujus
241 1408 352 1432 causa
385 1397 528 1444 aliquot
560 1397 695 1432 horum
727 1397 834 1433 scho-

99 1449 235 1485 liorum
255 1449 358 1486 locos
379 1463 604 1498 componere
624 1451 744 1486 visum
767 1457 835 1487 est.

101 1502 230 1551 Atque
264 1503 335 1539 hoc
367 1504 517 1551 quidem
551 1504 640 1540 satis
675 1510 834 1547 constat,

100 1557 270 1604 usurpari
300 1557 397 1593 hanc
426 1557 636 1599 formulam,
671 1558 734 1593 ubi
762 1571 835 1594 vox

100 1610 222 1658 aliqua
258 1611 317 1646 vel
357 1611 504 1658 phrasis
552 1611 615 1646 uni
653 1613 836 1647 sermonis

99 1664 197 1711 parti
244 1664 382 1706 addita,
424 1665 580 1700 docetur
626 1666 835 1700 communis

100 1730 182 1753 esse
211 1717 283 1753 alii.
342 1717 405 1753 Sic
435 1718 481 1753 ad
505 1720 531 1759 ὃ,
556 1729 644 1765 247.
665 1717 780 1763 ’Ἄλλῳ
809 1721 834 1754 δ’

100 1771 196 1805 αὐτον
214 1772 299 1818 φωτὶ
328 1776 564 1818 κατακρύπτων
582 1770 702 1815 ἥϊσκεν,
725 1771 831 1807 scho-

99 1823 249 1859 liastes:
281 1826 359 1859 Ἀπὸ
397 1829 492 1860 κοινοῦ
531 1825 567 1859 τὸ
606 1824 721 1860 αὐτόνι
758 1830 833 1860 sta-

99 1876 241 1924 timque
262 1877 435 1913 disertius
453 1884 581 1913 monet
596 1878 834 1925 jungendum

99 1942 180 1965 esse
210 1943 285 1965 non
311 1931 431 1966 solum
461 1934 694 1978 κατακρύπτων
720 1933 833 1967 ἑαυτόν

100 1984 165 2019 Sed
187 1983 298 2019 etiam
318 1982 426 2028 ἧϊσκεν
446 1984 571 2019 ἑαυτόν.
622 1984 717 2020 Ibld.
741 1995 831 2034 555.

99 2037 145 2072 ad
162 2038 443 2084 responsionem
460 2038 532 2078 Ύὶἒς
547 2036 698 2085 Λαέρτεω
713 2055 743 2073 κ.
758 2054 790 2073 τ.
805 2055 831 2074 ε.

97 2091 212 2126 verbo
228 2103 295 2126 suo
316 2097 505 2127 carentem
526 2096 721 2127 monetur:
753 2093 832 2127 Ἀπὸ

97 2149 193 2179 κοινοῦ
212 2145 260 2185 τὸ,
281 2149 495 2193 κατερύκεται
516 2146 596 2190 εὐρέϊ
614 2145 726 2191 πόντῳ,
748 2145 784 2180 h.
800 2158 830 2181 e.

97 2197 178 2233 haec
199 2198 313 2234 verba
333 2211 379 2234 ex
400 2198 645 2234 antecedente
672 2199 831 2234 interro-

96 2251 248 2299 gatione
268 2264 349 2287 esse
368 2252 582 2299 repetenda.
631 2252 681 2288 Et
701 2252 753 2288 sic
772 2253 826 2287 fa-

96 2304 164 2340 cile
194 2304 313 2351 quivis
342 2305 527 2353 intelliget
553 2305 695 2341 scholia
725 2306 771 2341 ad
801 2322 826 2347 ε,

98 2358 187 2404 236.
220 2361 249 2399 θ,
275 2359 362 2404 246,
392 2365 426 2399 λ,
450 2359 511 2394 26.
541 2376 578 2403 μ,
605 2360 693 2405 178.
734 2360 826 2403 Qui-

95 2411 252 2446 busdam
270 2417 393 2447 autem
409 2413 500 2448 locis
517 2412 723 2448 obscuritas
742 2413 827 2448 inde

95 2465 261 2500 nascitur
294 2465 394 2512 quod
427 2466 610 2501 scholium
644 2466 827 2513 ejusmodi

95 2530 269 2565 perverse
299 2518 464 2554 additum
494 2524 550 2554 est
579 2519 613 2554 ei
642 2520 763 2555 versui
790 2520 827 2555 in

95 2584 169 2618 quo
207 2572 288 2619 ipsa
323 2573 531 2607 communis
565 2585 639 2607 vox
675 2573 825 2620 legitur,

94 2637 170 2660 non
209 2625 271 2660 ubi
313 2625 567 2661 desideratur:
616 2627 714 2672 quod
765 2626 827 2662 ubi

95 2679 218 2714 evenit
265 2678 598 2726 circumspicienda
649 2685 706 2714 est
757 2680 828 2715 alia

94 2732 277 2767 sermonis
313 2744 399 2779 pars
433 2732 489 2768 cui
522 2744 568 2767 ex
606 2733 826 2779 repetitione

93 2785 158 2820 tali
186 2785 247 2821 lux
268 2786 456 2834 affulgeat.
514 2785 737 2832 Exemplum
759 2787 825 2822 ha-

92 2837 159 2873 bes
188 2839 235 2874 ad
260 2855 288 2880 ν,
314 2850 401 2888 149.
433 2844 473 2874 ut
502 2839 538 2873 in
563 2844 653 2874 nota
681 2839 731 2875 ibi
758 2840 825 2875 do-

93 2891 174 2928 cui:
211 2893 309 2939 quod
342 2893 464 2929 facere
498 2892 680 2928 debebam
714 2893 824 2929 etiam

94 2944 140 2979 ad
166 2947 196 2986 θ,
218 2946 307 2994 563.
356 2946 414 2982 Ibi
434 2946 532 2982 enim
554 2946 666 2982 verba
685 2947 727 2982 Τὸ
746 2949 823 2995 γὰρ,

913 832 1013 858 ἱ((7

791 831 858 879 καὶ
884 854 927 880 το
997 833 1088 880 επεί
1105 833 1147 894 μ’
1175 833 1393 895 ἐ’μνησας.”
1431 841 1574 894 σαφῶς
1598 836 1637 883 δὲ

897 969 948 1005 ἔπι
978 970 1052 1012 δέος,
1083 971 1145 1006 ἀπὸ
1175 974 1270 1006 κοινοῦ
1298 975 1475 1018 excerpta
1502 976 1589 1007 sunt
1616 979 1636 1002 e

898 1023 1040 1060 scholio
1060 1024 1183 1072 aliquo
1199 1024 1356 1071 pleniori
1379 1030 1572 1071 spectante
1589 1025 1636 1060 ad

897 1078 990 1126 564.
1018 1077 1055 1113 in
1083 1091 1155 1125 quo
1176 1090 1287 1113 versu
1316 1084 1401 1124 post
1427 1077 1519 1119 haec,
1540 1081 1635 1114 ἀλλὰ

897 1131 975 1172 τόδ’,
997 1131 1072 1171 illa,
1093 1130 1143 1166 ἔπι
1171 1129 1245 1172 δέος,
1268 1131 1403 1166 iterum
1433 1132 1635 1179 cogitanda

897 1190 994 1220 sunt.
1053 1185 1271 1231 Eodemque
1298 1184 1412 1219 modo
1439 1197 1522 1220 sero
1554 1185 1632 1220 ani-

896 1238 1079 1273 madverti
1109 1237 1379 1286 dispiciendum
1409 1249 1490 1273 esse
1521 1238 1634 1274 scho-

895 1291 985 1326 lium
1006 1291 1051 1326 ad
1073 1308 1103 1334 η,
1130 1303 1164 1326 2.
1191 1292 1252 1326 ubi
1274 1291 1373 1338 quod
1399 1291 1522 1326 versui
1551 1294 1631 1327 Κοί-

894 1360 946 1391 ρην
975 1345 1007 1380 δὲ
1030 1347 1118 1391 προτὶ
1139 1344 1228 1379 ἄστυ
1256 1346 1351 1393 φέρεν
1375 1346 1464 1390 μένος
1487 1345 1633 1389 ἡμιόνοιιν

894 1398 1095 1446 ascriptum
1129 1404 1200 1437 est.
1227 1399 1306 1433 Ἀπὸ
1339 1403 1436 1433 κοινοῦ
1467 1399 1514 1439 τὶ,
1543 1398 1634 1444 μένος

894 1451 1051 1497 ἡμιόνοιιν,
1075 1464 1184 1487 sensu
1205 1451 1427 1487 destitutum
1454 1457 1522 1492 est,
1544 1464 1630 1499 per-

893 1505 1062 1552 spicuum
1083 1505 1249 1540 futurum
1277 1505 1306 1540 si
1331 1505 1494 1540 ascribas
1514 1506 1632 1541 verbo

893 1561 1018 1601 Στῆσεν
1038 1558 1076 1593 in
1096 1572 1205 1594 versu
1222 1570 1260 1605 4.
1305 1558 1463 1593 Diversa
1483 1564 1540 1593 est
1561 1559 1630 1594 dif-

892 1612 1038 1647 ficultas
1070 1612 1200 1648 scholii
1234 1612 1280 1647 ad
1309 1615 1339 1657 ζ,
1370 1611 1453 1658 187.
1490 1611 1552 1647 ubi
1583 1613 1630 1647 ad

892 1665 1150 1712 imperfectam
1178 1665 1376 1701 Nausicaae
1405 1665 1627 1707 orationem,

892 1721 991 1760 EeTu',
1012 1721 1080 1754 ἐπεὶ
1106 1720 1175 1754 οἵτε
1200 1723 1290 1763 κακῷ
1314 1719 1377 1753 οἵτ’
1403 1717 1515 1766 ἄφρονι
1542 1720 1628 1766 φωτὶ

890 1769 1006 1813 ἒόικας,
1028 1778 1201 1807 notatur:
1234 1774 1311 1807 Ἀπὸ
1332 1776 1428 1806 κοινοῦ
1449 1772 1496 1812 τὲ,
1517 1774 1626 1815 τλῆθι,

891 1829 946 1859 τοῦ
981 1827 1045 1872 γὰρ
1080 1829 1168 1866 Ζεύς.
1228 1825 1323 1868 Quae
1364 1824 1475 1860 verba
1513 1825 1626 1860 etiam

892 1878 1124 1914 mutilatione
1159 1879 1352 1919 laborant;
1385 1891 1424 1913 re
1459 1878 1539 1925 ipsa
1569 1884 1624 1914 ta-

890 1943 976 1966 men
998 1932 1087 1967 satis
1108 1939 1224 1980 patet,
1242 1932 1468 1968 scholiasten
1491 1932 1625 1968 docere

889 1984 1175 2032 intelligendum
1214 1998 1319 2021 esse:
1362 1987 1470 2028 τλῆθι,
1509 1987 1625 2020 τούτων

887 2040 951 2085 γὰρ
973 2042 1049 2080 Ζεὺς
1068 2037 1178 2080 αἴτιος.
1236 2039 1347 2086 Atqui
1368 2038 1448 2074 haec
1469 2038 1519 2073 ita
1535 2051 1622 2074 con-

889 2097 996 2139 cepta
1016 2105 1199 2140 nusquam
1219 2092 1256 2127 in
1277 2092 1458 2140 proximis
1487 2092 1620 2140 legun-

887 2150 970 2180 tur:
1004 2145 1074 2181 nisi
1102 2146 1199 2182 forte
1220 2146 1320 2181 dicas
1340 2145 1538 2181 formulam
1559 2147 1622 2181 ἀπὸ

888 2204 982 2234 κοινοῦ
1017 2205 1184 2246 spectare
1215 2200 1262 2235 ad
1292 2200 1461 2247 ejusdem
1492 2211 1623 2235 sensus

886 2252 1000 2288 verba
1019 2253 1090 2288 alio
1110 2266 1210 2289 nexu
1232 2253 1340 2302 paulo
1361 2253 1513 2288 inferius
1533 2252 1620 2288 sub-

880 2306 982 2353 jecta
999 2307 1062 2350 Sic,
1080 2310 1138 2341 καί
1151 2309 1210 2342 ποί
1223 2323 1270 2342 σοι
1287 2309 1364 2352 τοίγ’
1380 2305 1475 2342 ἔδωκε
1494 2308 1619 2352 (Ζεὺς),

885 2359 922 2394 σὲ
957 2360 990 2395 δὲ
1023 2361 1082 2406 χρὴ
1112 2363 1281 2405 τετλάμεν
1314 2358 1426 2406 ἔμπης.
1485 2359 1562 2396 Sed
1591 2375 1619 2407 ρ,

884 2422 975 2459 354.
1015 2413 1078 2448 ubi
1114 2414 1160 2448 ad
1196 2413 1344 2461 Ulyssis
1378 2413 1617 2449 exclamatio—

884 2478 983 2508 nem,
1012 2472 1072 2502 Ζεῦ
1101 2466 1178 2509 ἄνα,
1199 2466 1395 2512 Τηλέμαχόν
1419 2482 1471 2513 μοι
1499 2470 1531 2502 ἐν
1559 2470 1616 2502 ἀν-

884 2521 994 2565 δράσιν
1013 2518 1118 2564 ’ὄλβιον
1138 2517 1230 2561 εἶναι,
1253 2519 1472 2556 scholiastes
1499 2520 1615 2555 adno-

884 2578 951 2616 tat,
973 2574 1034 2608 ἀπὸ
1055 2578 1162 2614 κοινοῦ,
1183 2575 1322 2616 ποίησον,
1346 2586 1426 2620 quae
1450 2586 1523 2609 Vox
1551 2586 1616 2609 ne·

883 2639 954 2673 que
988 2626 1068 2674 ipsa
1097 2639 1218 2674 neque
1248 2628 1327 2675 ejus
1360 2627 1478 2663 simile
1509 2627 1615 2675 quid-

883 2692 993 2726 quam
1023 2680 1058 2715 in
1084 2681 1263 2727 proximis
1290 2686 1506 2728 comparet;
1537 2693 1614 2716 ma-

882 2733 1058 2769 nifestum
1080 2739 1147 2775 est,
1165 2735 1226 2769 ἀπὸ
1242 2739 1338 2769 κοινοῦ
1353 2735 1487 2770 eodem
1504 2746 1616 2769 sensu

882 2788 1063 2834 usurpari,
1103 2800 1176 2835 quo
1210 2787 1298 2823 alias
1337 2785 1470 2828 ἕξωθενς
1504 2799 1614 2834 quem

880 2844 1005 2876 tamen
1027 2841 1183 2876 abusum
1215 2841 1339 2890 potius
1363 2853 1443 2876 esse
1465 2852 1614 2875 censeo.

880 2893 965 2929 Jam
1011 2894 1126 2941 igitur
1164 2895 1360 2930 redeamus
1397 2894 1443 2928 ad
1489 2893 1613 2928 locum

881 2947 979 2983 unde
1013 2947 1159 2984 deversi
1191 2960 1331 2989 sumus,
1362 2947 1409 2982 ad
1440 2963 1474 2994 γ,
1514 2958 1613 2993 ιο4.,

959 3024 985 3049 Κ
