1907 3270
194 129 241 174 lx
753 122 1166 170 PRAEFATIO.

262 249 315 292 P.
339 263 436 306 534,
467 263 531 292 10.
570 246 726 306 Φινέα]
760 244 896 307 φηνέα
923 244 984 289 O.
1011 244 1087 289 hic
1112 251 1161 288 et
1185 244 1317 289 infra.
1526 256 1590 302 15.
1615 242 1723 295 μέλ-ι

195 330 266 369 λοι
294 323 353 369 Ο.
381 333 433 367 ut
459 322 779 367 Buttmannus
815 322 1018 366 correxit
1050 336 1131 380 pro
1159 321 1325 373 μέλλει.
1397 320 1530 365 Inter
1563 319 1720 370 μέλλοι

196 407 244 446 et
270 401 399 444 αὐτοῦ
423 400 467 443 in
495 397 555 444 O.
582 406 688 443 octo
715 398 811 442 fere
836 398 1075 442 literarum
1102 398 1270 442 lacuna
1289 404 1373 450 est,
1395 412 1534 456 quam
1554 411 1721 440 manus

196 477 428 523 recentior
452 476 593 521 verbo
619 475 774 520 ἐσθίειν
804 474 1025 535 explevit,
1052 475 1175 534 quod
1212 490 1304 518 non
1336 474 1520 518 sufficit.
1592 472 1721 517 Nam

194 553 350 613 paullo
398 552 532 611 plura
574 553 868 604 exciderunt,
909 558 960 595 ut
1005 551 1334 596 animadvertit
1382 549 1719 594 Buttmannus.

198 636 262 675 18.
290 630 545 675 διαπλεῦσαι
574 630 715 690 (male
746 629 1024 674 ὃιαπλεῖσθαι
1052 644 1278 673 excusum
1315 629 1361 672 in
1398 628 1720 686 annotatione)

193 706 530 751 Buttmannus.
579 710 763 750 πλεῦσαι
791 704 915 751 O.V.
1123 720 1188 763 25.
1215 705 1403 766 Ἀργοῖ]
1436 704 1574 765 ἀργῶι
1601 702 1661 748 O.

262 784 314 828 P.
340 800 437 843 535.
465 801 503 842 9.
538 782 585 843 ἢ]
616 785 637 835 ἡ
672 782 737 828 H.
946 799 1010 827 11.
1044 782 1159 827 Post
1191 784 1419 834 ποιήσασα
1455 780 1518 826 H.
1552 781 1720 841 pergit,

195 860 262 904 καὶ
288 858 445 907 ἄλλως.
481 861 591 903 πᾶσι
618 857 912 921 τοῖς-ἥρωας
939 859 987 911 (l.
1016 861 1171 917 7—9.)
1188 874 1267 904 :—

262 936 315 980 P.
341 941 439 995 536,
464 954 504 990 4.
530 936 955 990 λείπει-καταβαίη
980 935 1123 980 habet
1149 934 1212 979 H.
1381 940 1444 978 16.
1471 935 1528 979 In
1553 937 1721 996 πετρῶν

194 1013 430 1057 consentit
459 1011 520 1055 H.

262 1089 317 1133 P.
342 1102 442 1147 537,
467 1105 507 1146 3.
530 1085 748 1146 Ἑκάτης]
776 1086 916 1132 Adde
941 1103 1001 1132 eX
1028 1086 1088 1133 O.
1121 1088 1264 1149 φωνὴν
1289 1085 1331 1131 δὲ
1356 1085 1469 1148 εἶχεν
1494 1086 1600 1130 ὅσον
1624 1106 1722 1130 σκυ-

195 1164 347 1210 λάκιον
373 1166 542 1221 (codex
568 1162 847 1223 σκυλλάκιον)
876 1164 1063 1223 νεογνόν.
1234 1163 1290 1209 τὸ
1313 1163 1388 1214 μὲν
1411 1164 1596 1222 μέγεθος
1621 1165 1723 1208 Θαυ-

194 1245 363 1298 μαστή]
395 1242 556 1287 Scribe
575 1241 733 1293 ταύτης
757 1239 812 1285 τὸ
831 1239 906 1291 μὲν
923 1242 1109 1300 μέγεθος
1129 1241 1383 1294 Θαυμαστόν
1402 1255 1459 1284 ΘΧ
1482 1238 1541 1285 O.
1680 1257 1719 1297 9.

195 1317 316 1375 εἶδεν]
341 1319 501 1364 Scribe
522 1316 624 1362 εἶδεν
647 1318 776 1370 αὐτὴν
795 1333 855 1362 ex
876 1317 997 1363 ΟᾸῙ.
1158 1335 1221 1363 ΙΙ.
1240 1317 1471 1374 Διονυσίῳ]
1497 1315 1719 1360 διονύσσωι

195 1395 252 1439 O.
404 1399 468 1440 18.
485 1395 713 1450 σκύλακος]
741 1391 952 1438 σκυλάκου
973 1394 1036 1438 Η.
1074 1395 1384 1440 Scl'ibendum
1406 1393 1647 1446 σκυλακιόυ,
1667 1400 1721 1437 ut

195 1469 423 1515 σκυλάκιον
449 1479 517 1516 est
543 1472 588 1515 in
614 1472 766 1517 verbis
790 1470 947 1530 paullo
973 1479 1082 1516 ante
1107 1487 1167 1516 ex
1194 1470 1256 1516 O.
1281 1470 1563 1514 memoratis.

265 1548 317 1592 P.
354 1553 453 1607 538,
489 1566 551 1607 19.
590 1546 698 1610 πρὸς
740 1546 801 1605 δὲ]
846 1548 973 1593 Novi
1011 1548 1173 1593 scholii
1214 1548 1398 1591 initium
1443 1547 1487 1590 in
1531 1545 1607 1599 H„
1642 1547 1720 1606 qui

195 1622 239 1668 δὲ
264 1640 354 1669 om.

263 1702 316 1745 P.
335 1717 434 1760 539,
458 1719 521 1759 19.
550 1700 709 1746 Habet
732 1701 794 1745 H.
935 1716 1002 1758 27.
1034 1702 1171 1745 λείπει
1199 1700 1259 1757 δὲ]
1293 1700 1365 1744 ἅδε
1389 1695 1418 1746 313
1444 1699 1506 1745 H.
1654 1717 1720 1758 29.

195 1778 402 1836 πλησίον]
440 1779 612 1830 πλησίω
638 1778 852 1830 ἀλλήλοιν
878 1777 1108 1823 Schmidt.
1135 1778 1193 1822 ad
1231 1778 1421 1837 Didymi
1459 1778 1645 1837 Fl'agm.
1676 1792 1720 1836 p.

197 1870 292 1909 204.
367 1855 434 1898 Et
470 1855 642 1906 πλησίω
667 1856 809 1899 etiam
837 1854 1126 1899 SchneideW.
1153 1855 1200 1898 in
1229 1854 1478 1913 Ephemer.
1506 1854 1719 1913 Gotting.

195 1947 235 1977 a.
260 1936 381 1987 1848.
406 1948 450 1991 p.
473 1936 570 1976 802.
1072 1974 1075 1978 .

264 2008 315 2052 Ρ.
340 2025 438 2066 540,
465 2012 503 2052 8.
531 2008 793 2052 ἇναποτικόν
819 2023 909 2052 om.
938 2006 1061 2051 H.O.
1250 2006 1535 2069 Τυρρηνικοῦ]
1564 2027 1721 2068 τυρση-

197 2092 308 2132 νικοῦ
334 2089 396 2133 Η.
605 2106 667 2146 19.
693 2086 928 2143 ἁνάπωσις]
961 2072 1134 2133 (ἰναποίἕζ
1161 2088 1223 2133 H.

265 2166 316 2209 P.
345 2182 441 2224 542,
469 2183 507 2223 9.
546 2166 666 2210 Cum
701 2165 762 2210 V.
801 2166 1033 2209 consentit
1066 2165 1136 2217 O.,
1163 2165 1250 2209 nisi
1288 2165 1411 2223 quod
1452 2165 1720 2225 τριακοσίαις

195 2241 352 2294 habet,
379 2257 471 2285 non
495 2242 774 2303 τριηκοσίαις.
970 2258 1033 2286 12.
1058 2245 1138 2285 τοῦ
1163 2240 1213 2297 ν’]
1246 2241 1322 2286 Sic
1351 2240 1427 2292 H..
1453 2257 1545 2285 non
1570 2245 1648 2285 τοῦ
1672 2261 1717 2292 μ.

200 2333 265 2372 14.
291 2319 405 2372 ἤτοι]
438 2319 568 2375 ἤγουν
595 2316 656 2360 Η.
813 2335 881 2362 22.
909 2317 1127 2373 Σκύλλην]
1160 2317 1321 2361 Scribe
1348 2316 1549 2360 Σκύλλαν
1569 2331 1628 2360 ex
1655 2315 1718 2360 H.

198 2409 264 2451 23.
290 2392 548 2450 ἐπιτήδειον]
580 2392 800 2454 συνεργὸν,
827 2393 1065 2446 ἐπιτήδειον
1092 2393 1154 2437 H.

264 2469 316 2513 P.
358 2487 457 2528 543,
502 2486 539 2526 7.
598 2471 876 2531 ἐκαρτέρησιν
924 2471 1186 2531 typothetae
1243 2485 1369 2514 erl'Ol·
1414 2484 1496 2528 pro
1543 2470 1717 2529 ἐκαρτέ-

193 2566 335 2607 ρησεν.

263 2622 316 2665 Ρ.
337 2639 433 2679 544.
455 2628 494 2666 6.
521 2622 779 2675 ἡπαλύνετο,
805 2623 1079 2684 ἐθερμαίνετο
1109 2622 1169 2665 H.
1195 2624 1240 2666 ill
1267 2623 1488 2682 lllargine.
1651 2626 1715 2666 16.

195 2697 269 2751 μὲν
294 2699 423 2754 ἀπῆν]
456 2699 567 2750 ἀπῆν
590 2698 665 2750 μὲν
693 2699 755 2744 Η.
929 2717 994 2757 25.
1021 2700 1196 2747 εὐκόλως
1219 2700 1462 2747 ἐλαύνοντες
1485 2699 1547 2759 gl.
1574 2706 1643 2743 est
1667 2701 1716 2743 in

198 2773 260 2818 H.
318 2774 377 2818 Et
403 2774 628 2828 scholion,
654 2776 818 2836 ταχέως
842 2776 918 2827 τὴν
944 2774 1173 2821 Θάλατταν
1200 2775 1577 2836 ὃιαπεραιούμενοι.

265 2849 315 2894 Ρ.
341 2855 437 2908 546,
467 2865 503 2905 7.
532 2848 794 2911 Μάνδρωνα]
831 2852 935 2896 Hoc
961 2859 1157 2897 accentu
1185 2851 1262 2903 H..
1288 2867 1379 2896 non
1404 2850 1637 2912 μανὸρῶνα.

263 2925 315 2968 Ρ.
341 2939 438 2981 547,
471 2930 533 2970 16.
559 2931 633 2977 τῆς
665 2941 752 2985 ego
779 2927 949 2971 addidi.

263 3001 315 3044 P.
339 3005 436 3057 548,
466 3007 528 3045 16.
558 3001 777 3061 Σίνωπος]
807 3002 984 3051 οἱνωπὸς
1013 3003 1119 3063 (hoc
1146 3006 1360 3059 accentu)
1389 3003 1451 3047 H.
