1907 3270
188 101 249 145 lvi
744 95 1151 142 PRAEFATIO.

258 215 310 259 P.
329 232 426 270 402,
453 220 515 258 16.
552 215 696 273 λέγειν
731 212 966 257 ἀκουστέον
1005 227 1095 257 οῐη.
1138 212 1197 256 D.
1238 212 1369 271 cujus
1410 212 1455 255 in
1498 211 1709 271 margine

187 290 472 349 adscriptum
501 289 775 352 Πορφυρίων.
984 293 1046 334 18.
1072 288 1188 344 ἐστὶ]
1221 288 1299 333 Sic
1324 288 1384 332 D.
1409 288 1487 346 qui
1517 293 1621 346 post
1645 289 1707 344 τῷ

189 367 338 418 αἵματι
377 367 544 426 pergit,
586 366 708 426 γένος
745 365 788 411 δὲ
826 368 869 410 οἶ
899 366 1068 425 ἔκγονοι
1110 365 1176 410 καὶ
1218 367 1260 409 οἱ
1294 364 1336 408 ἐκ
1374 363 1582 423 πλαγίου,
1619 360 1709 407 οἷον

188 440 375 503 ἀδελφοὶ
414 442 481 486 καὶ
523 440 699 501 ἀνεψιοὶ
737 445 803 487 καὶ
840 442 1188 494 τοιοῦτοι.<πηοὶ
1227 440 1271 486 δὲ
1301 443 1342 485 οἱ
1374 441 1423 501 ἐξ
1445 440 1710 501 ἀγχιστείας

188 525 421 577 συγγενεῖς,
448 520 573 581 οἵπερ
598 520 679 564 εἶσὶ
706 518 920 581 γαμβροὶ,
946 518 1142 579 πενθεροὶ
1169 526 1256 564 etc.

256 594 309 639 Ρ.
326 613 424 654 403,
443 610 628 653 5.-—17.
664 596 934 655 Utrumque
959 594 1310 655 Argumentum
1348 594 1489 639 habet
1522 592 1598 646 H„
1624 593 1704 638 sed

185 671 367 716 inverso
391 673 568 717 ordine.
629 671 850 717 Alterum
877 678 948 716 est
973 672 1114 716 etiam
1141 672 1188 716 in
1217 669 1337 716 ΠΟ.

254 747 307 792 Ρ.
325 766 424 804 404,
450 765 513 806 15.
539 751 619 792 τοῦ
642 755 691 793 et
714 748 780 792 καὶ
807 765 897 793 om.
923 749 983 793 D.
1146 763 1210 806 17.
1235 747 1382 804 τέλος]
1413 747 1468 793 τὸ
1492 747 1620 795 τέλος
1645 746 1708 790 D.

184 823 207 876 ’ἦ
231 822 416 887 τάξεως]
444 825 510 869 καὶ
534 822 695 884 τάξεως
721 825 780 870 D.
984 823 1028 870 δὲ
1052 840 1142 870 om.
1174 825 1234 870 D.
1457 832 1521 873 18.
1546 827 1710 873 Anno-

187 904 414 947 tationem
439 903 497 946 de
523 902 742 963 dogmate
769 903 958 962 Epicuri
985 919 1085 962 quae
1118 904 1164 947 in
1198 902 1259 948 H.
1288 903 1460 963 legitur
1494 905 1616 949 infra
1649 906 1707 950 ad

187 994 227 1024 v.
256 983 322 1024 28.
360 996 403 1039 p.
428 984 526 1034 408,
547 983 697 1024 6.-—-8.
735 981 1026 1024 referendam
1064 995 1162 1025 esse
1198 981 1255 1025 ad
1283 996 1322 1024 v.
1348 995 1391 1039 5.
1418 981 1514 1025 dixi
1540 981 1635 1026 illie
1661 982 1708 1025 in

186 1056 487 1102 annotatione
537 1056 873 1115 confirmatque
917 1056 976 1102 D.
1017 1057 1095 1115 qui
1133 1056 1190 1100 ad
1231 1071 1271 1101 V.
1308 1072 1349 1114 5.
1391 1063 1497 1116 post
1532 1058 1710 1118 εὐωχίαν

189 1135 255 1191 (p.
290 1149 387 1188 404,
429 1135 515 1192 18.)
554 1133 641 1178 hoo
682 1133 889 1178 Scholion
932 1133 1088 1186 habet,
1126 1135 1210 1177 τῶν
1256 1133 1501 1194 ἐπικουρίων
1540 1135 1710 1193 <scribe

184 1209 506 1272 Ἐπικουρείων)
534 1213 555 1262 ἡ
582 1209 701 1272 δόξα.
730 1212 847 1256 οὗτοι
870 1209 959 1273 γὰρ
990 1209 1196 1272 ἐδόξαζον
1221 1211 1351 1259 τέλος
1380 1210 1479 1256 εἶναι
1508 1213 1585 1265 τὴν
1612 1212 1710 1265 ἡδο-

185 1289 266 1339 νήν.
304 1285 436 1331 ἄλλοι
475 1285 519 1331 δέ
554 1290 692 1348 φασιν
729 1287 798 1332 ὅτι
831 1287 878 1331 οὗ
906 1290 986 1331 τοῦ
1010 1284 1173 1335 παντὸς
1195 1286 1296 1341 βίου
1321 1287 1448 1336 τέλος
1473 1288 1608 1349 εἴρηκε
1630 1289 1709 1342 τὴν

185 1362 344 1417 ἡδονὴν,
387 1361 505 1408 ἀλλὰ
538 1364 785 1416 συμποσίου
819 1363 1043 1411 τινόςί-
1063 1364 1198 1416 Tum,
1233 1365 1465 1424 adscripto
1500 1365 1546 1409 in
1588 1380 1709 1410 mar-

183 1441 293 1501 gine
330 1439 604 1502 Πορφύριος,
643 1439 832 1500 ἀπρεπὲς
872 1440 1000 1487 τέλος
1032 1438 1190 1502 ὁρίζειν
1231 1447 1321 1485 etc.
1371 1443 1434 1501 (p.
1478 1459 1574 1498 404,
1621 1447 1708 1503 18.)

189 1521 254 1562 18.
278 1517 470 1578 τροφὴν]
505 1515 666 1562 Scribe
690 1517 860 1578 τρυφὴν
885 1533 945 1562 ex
970 1517 1029 1561 D.
1188 1534 1253 1576 19.
1279 1522 1359 1562 τοῦ
1383 1534 1474 1563 om.
1501 1518 1560 1563 D.
1600 1517 1710 1581 πρὸς

184 1592 253 1642 οὓς
289 1591 377 1654 γάρ
415 1596 565 1654 φησιν,
604 1594 725 1637 αὐτοὶ
763 1593 873 1645 ἦσαν
906 1590 1172 1655 φάσκοντες]
1217 1592 1327 1655 πρὸς
1356 1594 1437 1640 οὓς.
1475 1595 1597 1639 αὐτοὶ
1619 1594 1709 1658 γὰρ

183 1670 291 1722 ἦσαν
328 1671 369 1713 οἱ
399 1667 645 1731 φάσκοντες
681 1669 741 1714 D.
771 1677 912 1722 recte,
949 1671 1035 1715 nisi
1063 1671 1186 1729 quod
1213 1670 1467 1715 delendum
1492 1670 1601 1733 πρὸς
1625 1671 1707 1726 οὓς,

184 1753 340 1791 ortum
366 1746 557 1791 fortasse
581 1762 641 1791 ex
665 1748 920 1808 προσώπου.

251 1824 305 1868 P.
329 1838 428 1882 405,
449 1841 518 1883 33.
543 1824 821 1880 ἀνελεήμονα]
854 1823 1061 1877 ἆνεήμονα
1089 1824 1151 1869 H.

252 1900 305 1945 P.
324 1906 422 1956 406,
443 1917 511 1958 32.
537 1899 645 1962 πρὸς
671 1899 786 1945 δύσιν
809 1904 893 1945 τῶν
918 1899 1064 1944 ἄλλων
1088 1901 1273 1953 κειμένην
1299 1916 1390 1945 om.
1416 1901 1476 1946 O.

253 1976 306 2021 P.
325 1993 425 2031 412,
449 1981 488 2020 6.
521 1976 801 2029 ἀπολομένων
833 1976 1043 2031 ἔστησαν]
1086 1976 1399 2028 ἀπολλομένων
1433 1982 1596 2028 κτῆσαν
1628 1977 1707 2030 Η.,

186 2054 312 2113 quasi
333 2053 507 2097 ἔκτισαν
526 2053 740 2097 voluerit.
780 2053 1090 2104 ἀπολλομένων
1110 2052 1284 2112 duplici
1301 2057 1360 2096 λλ
1381 2054 1524 2098 etiam
1545 2070 1587 2114 p.
1607 2071 1705 2110 412,

187 2146 255 2177 20.
285 2135 384 2185 461,
409 2146 473 2188 19.
503 2133 600 2187 548,
625 2144 690 2187 15.
716 2130 761 2173 in
791 2128 853 2174 H.
880 2135 928 2174 et
949 2129 1074 2174 alibi.

253 2205 306 2252 P.
330 2219 428 2263 425,
449 2221 517 2264 32.
542 2206 729 2267 ἔμβρυον
755 2211 825 2250 est
852 2206 898 2248 in
926 2204 1005 2259 H„
1030 2206 1108 2250 sed
1135 2206 1302 2249 omisso
1325 2205 1414 2257 μέν.

253 2282 306 2327 Ρ.
327 2287 423 2338 426,
449 2299 484 2326 Ι.
510 2282 808 2341 γεγενημένον]
841 2282 1002 2326 Scribe
1029 2281 1331 2340 γεγεννημένον
1351 2298 1409 2326 ΘΧ
1431 2281 1494 2326 Η.
1607 2284 1707 2327 ὑπέ-

187 2359 520 2414 θηκεν-τέκνον
556 2375 693 2418 supra
725 2374 909 2404 versum
945 2360 1088 2403 habet
1115 2358 1179 2402 H.
1252 2358 1376 2403 Tum
1414 2361 1461 2403 in
1498 2362 1706 2420 margine

186 2437 344 2498 ὅμηρος
369 2434 834 2496 γὰρ-’γεγεννημένον
861 2439 923 2494 (p.
943 2451 1040 2493 425,
1061 2440 1297 2493 30.——426,
1323 2437 1379 2493 1.)
1533 2453 1598 2491 24.
1621 2440 1708 2498 φο-

187 2510 432 2568 νευομένοις]
466 2512 734 2573 φονευμένοις
756 2511 818 2556 H.
891 2513 1108 2556 Fortasse
1134 2513 1277 2571 igitur
1301 2513 1641 2573 πεφονευμένοις.

252 2588 304 2634 Ρ.
323 2603 422 2646 427,
443 2605 509 2647 23.
536 2589 673 2650 ἐρωτᾷ
698 2589 873 2632 correxi
903 2603 982 2646 pro
1006 2588 1204 2649 ἔρρωται,
1230 2589 1354 2647 quod
1380 2594 1450 2633 est
1474 2590 1520 2633 in
1555 2589 1620 2634 H.

254 2666 305 2710 Ρ.
325 2683 421 2723 429,
442 2681 512 2724 32.
537 2664 714 2725 τυρῶδες
739 2666 917 2709 correxi
942 2680 1024 2723 pro
1049 2664 1243 2724 πυρῶδες.

254 2742 305 2787 Ρ.
325 2759 422 2801 430,
448 2756 511 2800 15.
549 2740 726 2796 δηλαδή]
770 2741 847 2793 τὴν
884 2739 1276 2795 διὰ-Κύκλωπος,
1313 2743 1435 2800 quod
1467 2743 1596 2786 addit
1633 2744 1704 2797 Q..

185 2825 258 2864 est
283 2819 425 2864 etiam
449 2819 497 2862 in
526 2818 588 2862 H.

256 2895 307 2939 P.
327 2912 425 2953 432,
449 2909 517 2951 27.
542 2893 925 2951 τοῦτο-Εὐμαίῳ
950 2910 1040 2938 om.
1070 2894 1130 2937 H.
1355 2899 1419 2940 28.
1446 2895 1560 2951 ἦτοι]
1592 2895 1614 2946 ἠ
1640 2895 1703 2939 Η.

188 2987 254 3029 29.
282 2971 435 3026 ὄνομα]
466 2968 606 3016 Adde
631 2970 769 3031 κύριον
794 2985 853 3015 ΘΧ
881 2968 1006 3015 H.V.
