1907 3270
227 111 241 154 l
775 104 1197 152 PRAEFATIO.

227 226 357 273 Θεούς.
428 224 584 269 Verba
619 223 716 285 περὶ
753 221 851 270 τοὺς
888 220 1016 274 Θεοὺς,
1054 236 1155 280 quae
1194 221 1265 265 M.
1303 236 1330 266 a
1364 235 1508 265 manu
1543 219 1747 265 secunda

225 302 379 352 habet,
405 301 450 344 in
475 300 572 360 περὶ
599 298 722 344 τοῦδε
746 299 797 346 ὡς
816 299 987 343 mutari
1009 297 1196 342 volebat
1216 297 1426 343 Boeckh.
1449 311 1520 355 ap.
1542 295 1745 347 Buttm„

225 377 374 421 alieno
400 376 501 420 loco
526 375 654 420 illata
679 382 801 420 sunt.

293 453 343 497 P.
370 469 461 508 140,
482 470 518 495 1.
545 451 696 512 οὕτως]
722 452 846 500 οὗτος
871 451 934 496 Η.

292 528 343 573 Ρ.
370 544 461 583 141,
487 544 551 573 10.
579 527 938 589 φρονῶ-κλόνις
962 533 1032 571 est
1055 527 1117 586 gl.
1142 527 1189 570 in
1218 525 1282 570 H.
1450 526 1473 568 ὁ
1501 524 1543 569 δὲ
1569 541 1660 570 orn.
1680 524 1743 569 H.

291 605 344 650 P.
366 622 460 661 142,
481 622 546 651 12.
571 603 674 666 τὸν]
709 605 871 650 Scribe
895 603 950 649 τὸ
976 620 1033 649 ex
1064 603 1126 648 H.
1334 618 1400 660 17.
1425 602 1480 648 τὸ
1506 602 1548 648 δὲ
1573 602 1744 662 ὅμοιον]

225 680 374 732 ὅμοιον
397 680 465 724 καὶ
495 679 557 724 Η.
760 697 829 738 31.
856 680 1066 740 ἐπέσχον]
1099 680 1274 740 ἐπεῖχον
1301 678 1364 723 H.

290 756 343 801 P.
369 774 462 815 143,
481 773 522 815 5.
549 755 689 801 αἰδοῖα
713 754 899 817 ἔχοντα]
927 756 1088 816 ἔχοντα
1114 754 1253 800 αἰδοῖα
1281 755 1344 799 Η.
1549 759 1588 798 6.
1609 754 1737 812 τινες]

221 833 295 885 μὲν
319 833 428 882 τινὲς
455 834 517 879 Η.
573 833 882 879 scribendum
908 831 1018 881 τινὲς
1042 831 1130 884 μὲν.
1173 832 1386 877 Verbum
1411 835 1616 875 καλοῦσιν
1641 839 1745 891 post

223 908 451 971 Χαριάὸην
470 910 612 954 habet
632 909 695 953 H.
838 914 902 952 16.
928 912 1058 970 ἤρετο
1080 908 1159 961 Η.,
1175 924 1268 952 non
1288 908 1443 969 ε’ίρετο.
1574 925 1639 966 19.
1667 912 1745 952 τοῦ

221 1023 312 1053 om.
340 1007 402 1052 H.
565 1025 631 1066 23.
658 1007 725 1051 καὶ
751 1007 829 1052 τὸν
855 1022 946 1051 om.
976 1006 1038 1051 H.
1212 1023 1280 1061 24.
1308 1004 1501 1067 Δωριέα]
1531 981 1634 1068 δωρῗ
1657 1005 1721 1050 H.

287 1085 340 1130 P.
367 1103 458 1141 144,
481 1100 521 1144 5.
547 1084 688 1138 αὐτὸν,
715 1086 812 1130 Sine
837 1086 904 1137 εἷς,
933 1084 995 1129 Η.
1164 1084 1215 1130 Ρ.
1242 1099 1333 1142 145,
1358 1088 1424 1128 18.
1449 1084 1516 1128 καὶ
1543 1099 1634 1129 om.
1662 1083 1725 1128 H.

287 1161 340 1205 P.
366 1167 457 1217 146,
483 1179 520 1206 1.
543 1165 779 1213 μεσοῦντος
804 1164 1007 1222 χειμῶνος
1033 1160 1281 1206 Cramerus
1306 1161 1501 1220 scripsit.
1558 1159 1743 1206 Codicis

219 1238 494 1297 compendia
517 1235 629 1290 μετὰ
655 1235 732 1281 τὸν
757 1241 943 1298 χειμῶνα
980 1238 1258 1297 significant.
1449 1251 1514 1293 17.
1546 1237 1734 1293 ἔπλασε]

219 1313 381 1359 Scribe
411 1313 610 1357 πέπλακε
635 1329 694 1358 eX
723 1313 785 1358 H.
850 1314 905 1358 In
932 1313 989 1359 O.
1014 1313 1076 1359 V.
1103 1320 1174 1358 est
1209 1313 1406 1356 πέπλακε
1440 1311 1496 1357 τὰ
1530 1313 1741 1365 ὀνόματα.

219 1406 287 1435 21.
313 1410 349 1434 κ.
377 1388 464 1451 γὰρ
489 1387 544 1434 τὸ
571 1393 624 1450 φ.
654 1405 743 1434 om.
774 1389 837 1433 H.
1012 1405 1078 1446 25.
1107 1389 1327 1434 Scholion
1353 1404 1379 1433 a
1405 1388 1613 1434 Porsono
1646 1405 1743 1435 me-

215 1471 450 1510 moratum
476 1466 620 1510 habet
648 1464 710 1509 H.
737 1466 784 1510 in
809 1466 958 1510 altero
978 1466 1201 1526 margine,
1223 1465 1349 1517 ὁμοία
1378 1464 1441 1523 (δὲ
1463 1466 1594 1510 addit
1617 1466 1668 1510 T.
1694 1467 1741 1510 iu

216 1556 309 1599 quo
347 1541 566 1600 praecedit
601 1541 812 1585 scholion
850 1542 906 1585 ad
943 1557 985 1586 v.
1015 1544 1131 1600 294.)
1165 1541 1433 1602 περίφρασις
1469 1542 1596 1593 ἐκείνη
1632 1540 1742 1603 πρὸς

214 1618 376 1668 λὴμνου
399 1622 529 1674 γαῖαν
554 1616 717 1660 ἱκέσθαι
737 1632 816 1661 :—

281 1691 334 1736 P.
361 1706 452 1749 147,
479 1697 519 1736 6.
548 1692 666 1737 Cum
696 1692 754 1746 Q.
780 1693 1013 1737 consentit
1040 1692 1119 1745 H.,
1155 1694 1241 1738 nisi
1268 1694 1391 1751 quod
1425 1693 1629 1747 βλησσὴν
1661 1694 1741 1739 ha-

213 1770 309 1815 bet.
518 1786 582 1813 11.
612 1768 813 1828 Λισσήν]
843 1769 991 1813 λισσίν
1017 1769 1074 1814 O.

325 1882 333 1891 .
359 1851 452 1903 148,
472 1865 514 1905 3.
537 1846 759 1906 μέγιστα]
787 1845 988 1899 μάλιστα
1015 1845 1080 1890 Η.
1288 1863 1354 1892 22.
1381 1847 1448 1891 καὶ
1475 1863 1567 1892 om.
1596 1847 1661 1891 H.

357 1942 449 1982 149,
467 1942 507 1982 9.
537 1923 789 1982 θάλασσαν]
820 1922 1051 1968 Θάλατταν
1073 1924 1136 1967 H.

359 2017 450 2060 150,
476 2016 539 2058 17.
566 2000 698 2057 εἶπεν]
730 2001 929 2053 ἐποίησεν
957 2000 1020 2044 H.

323 2112 332 2121 .
357 2091 448 2135 152,
473 2094 536 2132 14.
561 2083 654 2124 τοῖς
678 2076 838 2135 λόγου]
869 2075 967 2123 τοὺς
991 2076 1133 2134 λόγου
1159 2076 1215 2122 O.

324 2187 333 2196 .
358 2167 449 2209 154,
476 2169 540 2206 14.
566 2152 883 2212 βλασφημιῶν]
916 2150 1165 2212 δυσφημιῶν
1191 2151 1255 2196 Η.

357 2241 448 2285 157,
469 2243 511 2285 5.
538 2225 604 2270 διὰ
629 2230 709 2271 τοῦ
734 2247 756 2270 ο
782 2231 933 2287 μικροῦ
958 2242 1047 2272 om.
1075 2227 1137 2273 H.
1365 2245 1431 2274 20.
1458 2231 1499 2273 οἶ
1521 2229 1596 2282 μὲν
1621 2228 1729 2292 γὰρ]

212 2301 300 2363 γὰρ
337 2317 428 2347 orn.
468 2301 545 2353 H.,
583 2302 659 2359 qui
698 2308 825 2345 caret,
860 2302 1232 2360 praecedentibus
1270 2303 1422 2346 verbis
1460 2302 1736 2363 Ἀχαιοὺς-

214 2377 444 2438 Νέστορα.
652 2393 719 2422 22.
745 2376 868 2439 ὑπὲρ]
903 2377 1064 2422 Scribe
1090 2376 1159 2421 ὅτι
1185 2377 1290 2439 ὑπὲρ
1317 2394 1376 2422 ex
1404 2377 1467 2421 H.

279 2452 330 2497 P.
378 2457 471 2510 158,
519 2471 556 2511 3.
614 2450 948 2515 εὖλογίζεσθαι]
1014 2452 1323 2497 scribendum
1371 2451 1412 2496 εἶ’]
1457 2451 1734 2515 λογίζεσθαι.

212 2531 251 2571 8.
272 2526 447 2579 Scribe,
468 2528 662 2586 ἀγελείη]
689 2547 762 2588 γρ.
785 2527 974 2579 κυδίστη.
996 2528 1018 2570 ὁ
1045 2526 1087 2571 δὲ
1107 2527 1346 2579 Ζηνόδοτος
1371 2527 1563 2580 κυὸέστη.
1593 2528 1732 2574 Η.Μ.

213 2603 364 2647 Nihili
390 2610 548 2648 autem
575 2610 645 2648 est
668 2604 784 2648 illud
815 2604 1010 2655 κυὸέστη.

278 2678 329 2723 P.
355 2685 446 2728 161,
472 2696 507 2722 1.
534 2677 641 2740 γὰρ]
674 2678 717 2722 δὲ
744 2678 805 2722 Η.
1012 2697 1050 2724 2.
1077 2682 1210 2736 βοῶν]
1242 2679 1312 2724 σ-ιν
1340 2685 1445 2734 (non
1473 2680 1567 2734 οὗ)
1597 2680 1658 2724 Η.
1684 2689 1732 2726 et

209 2761 337 2800 recte
363 2755 552 2813 quidem
591 2755 623 2798 si
663 2754 907 2799 scholiasta
939 2755 1091 2800 dicere
1118 2756 1266 2799 voluit
1293 2756 1471 2814 ἔλθῃσιν
1508 2771 1589 2814 pro
1624 2757 1730 2816 ἔλθῃ

211 2831 388 2875 dictum
415 2845 527 2874 esse.
665 2847 704 2888 3.
731 2828 872 2874 Adde
897 2830 1020 2874 aliud
1046 2845 1105 2874 ex
1135 2829 1195 2874 H.
1222 2831 1444 2883 scholion,
1470 2832 1521 2878 ὡς
1539 2829 1593 2875 τὸ
1614 2839 1731 2876 66τεῖ-

278 1845 332 2271 τττωττ

1476 2907 1496 2923 99

210 2926 288 2967 χος
312 2906 589 2966 ἐτειχίσαντο
616 2905 784 2962 (scribe
803 2905 1112 2965 ἐτειχίσσαντο
1139 2919 1197 2950 ΘΧ
1224 2907 1277 2951 ll.
1299 2928 1334 2959 η,
1353 2910 1471 2965 448.)
1522 2907 1590 2951 καὶ
1617 2914 1730 2952 “πο-

211 2979 399 3043 άνιπτρα
419 2981 586 3026 ποὸὦν”
612 2981 902 3041 (Od.7·.343.)
1000 3000 1040 3039 5.
1056 2986 1334 3044 μετασχῶσι]
1357 2981 1645 3045 μετάσχωσιν
1664 2984 1727 3029 Η.
