1907 3270
682 158 1089 205 PRAEFATIO.
1578 161 1642 204 xli

120 276 236 323 HS.
438 275 673 338 τηρητέον]
713 274 756 319 δὲ
791 276 922 320 addit
959 274 1024 320 H.
1227 274 1430 338 πρῶτον]
1469 277 1645 337 πρώτην

121 353 238 398 H.S.
393 353 500 414 ὅπερ
528 351 592 398 Η.
614 359 667 397 ut
687 352 908 397 Cobetus.
950 359 1135 413 προεῖπε
1160 352 1206 397 S.
1227 368 1334 397 cum
1360 351 1433 398 M.
1577 369 1644 399 12.

121 431 143 473 ὁ
168 429 244 496 μὲν
269 445 359 474 om.
387 427 453 474 D.
650 446 713 487 13.
741 429 855 473 Post
881 429 1016 472 ἀκούει
1045 426 1110 474 D.
1138 431 1303 488 pergit,
1328 427 1485 477 ἄλλως.
1523 429 1549 473 ὅ
1571 449 1645 482 μοι

118 506 260 550 κακόν.
306 503 608 567 ἁριστοφάνης
633 505 658 549 ὅ
680 526 753 557 μοι
780 504 885 549 κακὰ
911 506 1095 557 ἔμπεσεν
1120 505 1215 550 ἀντὶ
1239 509 1320 549 τοῦ
1344 505 1415 550 ὅτι
1440 526 1529 558 μοι.
1589 506 1647 551 111

120 583 167 627 S.
193 590 276 634 est,
302 579 604 644 ἀριστοφάνης
629 582 654 625 ὅ
675 602 749 634 μοι
785 585 916 630 κακῶς
941 582 1040 638 (Sic,
1071 582 1239 626 omisso
1271 582 1488 643 ἔμπεσεν).
1524 581 1579 627 τὸ
1605 581 1649 627 δὲ

117 658 143 702 ὅ
165 679 239 711 μοι
267 659 363 703 ἀντὶ
388 662 468 703 τοῦ
492 658 561 702 ὅτι
588 678 676 711 μοι.
713 657 822 706 τινὲς
848 657 891 702 δὲ
916 657 975 702 ἀν’
1003 658 1114 716 οἴκῳ.
1151 658 1273 710 κῆδος
1297 659 1417 718 λέγει
1453 659 1597 713 οὕτως,
1624 660 1650 704 ὅ

117 758 191 790 μοι
230 736 356 781 κακὸν
392 737 556 789 ἔμπεσε
596 735 730 788 κῆὃος.
785 735 926 788 ἐπειδὴ
967 735 1058 781 εἶπε
1095 743 1184 782 etc.
1225 744 1278 782 ut
1319 736 1389 782 M.
1426 754 1470 797 p.
1494 753 1647 796 79‚10.

122 832 189 861 20.
215 812 478 876 προκρίνων]
508 814 584 858 Sic
610 812 743 858 D.H.

189 892 244 936 P.
272 896 337 945 80,
385 909 423 949 9.
458 890 608 934 παισίν
640 906 730 936 om.
761 890 820 935 D.
1014 907 1078 934 10.
1116 889 1362 949 ὀλιγοστὸν
1399 889 1458 936 D.
1497 898 1549 936 ut
1586 890 1648 936 H.

126 986 188 1025 17.
217 968 490 1031 Πορφύριος.
530 967 686 1016 ἄλλως.
723 968 1045 1027 praescriptum
1077 968 1125 1011 in
1153 966 1212 1012 D.
1418 965 1646 1029 ἁπάντων]

122 1043 294 1091 πάντων
319 1045 379 1090 D.
579 1061 644 1101 24.
670 1042 823 1105 μέρος]
853 1045 930 1089 Sic
951 1045 1094 1089 etiam
1122 1043 1182 1089 D.

188 1123 242 1166 P.
271 1127 339 1175 81,
370 1138 558 1180 13—24.
598 1120 760 1166 Habet
789 1120 849 1165 D.
1058 1126 1246 1178 15—-18,
1284 1121 1652 1172 δῆλον-συνέτυ-

120 1198 220 1261 χεν]
271 1198 434 1244 Habet
476 1199 522 1243 S.
755 1213 817 1255 15.
870 1196 1000 1250 δῆλον
1036 1198 1078 1241 ἐκ
1119 1195 1306 1261 τούτων]
1353 1197 1482 1251 δῆλον
1524 1198 1567 1243 δὲ
1608 1200 1652 1243 ἐκ

120 1276 283 1321 τούτων
304 1275 363 1320 D.
521 1281 585 1319 16.
605 1274 691 1336 ἔφη
717 1273 846 1333 γοῦν]
870 1274 981 1335 φησὶ
1008 1277 1071 1318 νῦν
1093 1273 1150 1319 D.
1289 1276 1324 1318 εἰ
1349 1274 1592 1334 δὲ-ποτὶ]
1616 1276 1654 1320 εἷ

121 1351 390 1414 ’γὰρ-πρὸς
413 1350 469 1397 τὸ
495 1351 555 1396 D.
715 1366 780 1408 17.
806 1352 884 1403 τὴν
907 1367 998 1395 ΟΙΠ.
1026 1352 1072 1396 S.
1246 1369 1311 1410 19.
1337 1354 1560 1414 κατηρᾶτο
1587 1352 1648 1397 D.

121 1436 175 1473 ut
210 1443 297 1488 ego
334 1428 579 1472 emendavi
615 1443 698 1487 pro
730 1429 1031 1489 κατηγορᾶτο.
1229 1434 1296 1474 26.
1328 1428 1648 1491 ἆποπροικίσει,

123 1507 333 1567 χρήματα
359 1502 508 1563 δώσει]
546 1503 659 1548 Non
685 1504 919 1549 debebant
944 1504 1039 1549 haec
1066 1505 1205 1550 verba
1228 1505 1404 1550 scholio
1429 1506 1566 1551 inseri
1591 1507 1649 1551 ab

123 1581 358 1627 Cramero.
432 1581 560 1627 Nam
596 1588 705 1626 sunt
739 1581 970 1642 glossema
1007 1583 1256 1641 separatim
1294 1598 1430 1642 supra
1465 1598 1648 1628 versum

120 1660 346 1719 scriptum
371 1660 418 1702 in
445 1659 490 1703 S.

190 1738 244 1782 P.
273 1742 341 1790 82,
367 1754 407 1795 3.
432 1734 512 1794 τὸ]
549 1739 628 1780 τοῦ
652 1734 782 1780 D.H.
854 1736 908 1779 In
937 1734 1000 1779 H.
1027 1736 1075 1779 in
1105 1737 1314 1796 margine
1340 1736 1573 1790 interiore,
1599 1739 1650 1785 ὡς

122 1816 178 1862 εἷς·
220 1811 495 1866 διδασκάλου,
535 1814 585 1859 ὡς
620 1815 984 1874 καθαριστοῦζ-
1214 1828 1251 1869 7.
1289 1811 1452 1874 ἵρευον]
1494 1814 1650 1875 ἱέρευον

123 1892 267 1936 etiam
293 1888 423 1935 D.H.
484 1889 641 1934 Verba
665 1895 816 1949 poetae
850 1905 943 1934 non
969 1890 1147 1934 omittit
1172 1890 1219 1934 S.
1441 1908 1480 1948 9.
1508 1890 1583 1935 Gl.
1609 1890 1650 1935 ἐν

124 1967 392 2029 ἀθροίσματι
432 1967 685 2027 εὐωχοῦνται
725 1965 868 2011 habet
906 1965 972 2010 H.
1182 1972 1246 2010 16.
1288 1968 1643 2028 ἐπιχειρήσωμεν]

123 2044 363 2096 ἀμύνασθαι
400 2043 531 2087 addit
564 2041 628 2088 H.
700 2043 834 2088 Idem
871 2049 976 2102 post
1012 2043 1362 2102 ὀλοθρευθείημεν
1396 2042 1447 2089 ἂν
1482 2045 1650 2105 pergit,

125 2123 238 2173 ἡμεῖς
262 2119 297 2165 δ’
324 2120 372 2164 οὔ
402 2119 445 2164 νύ
467 2139 511 2164 τι
538 2119 848 2180 ἐλεγχθειήμεν
871 2120 1060 2168 ἀσθενεῖς
1088 2140 1140 2164 τε
1163 2120 1231 2164 καὶ
1256 2119 1652 2183 ἄποροι-ἀναιρε-

124 2197 345 2249 θησόμεθα
363 2197 558 2248 ε-ἧμεῖς
591 2194 626 2239 δ’
651 2197 700 2240 οὔ
730 2197 773 2240 νύ
803 2211 874 2241 τιί
911 2200 1161 2248 τηλικοῦτοι
1193 2197 1273 2248 τὴν
1306 2198 1469 2249 ἡλικίαν
1503 2199 1553 2246 ὡς
1582 2197 1650 2242 καὶ

124 2272 304 2334 ἐχθροὺς
329 2272 570 2325 ἀμύνασθαι
589 2287 667 2316 :—
804 2286 870 2328 27.
898 2271 1117 2316 Scholion
1139 2287 1198 2316 ex
1224 2272 1283 2317 Τ.
1302 2274 1350 2317 in
1371 2272 1651 2332 Appendice

122 2350 327 2409 positum
363 2365 406 2408 p.
435 2362 531 2407 739,
558 2349 621 2393 sic
659 2354 730 2393 est
766 2349 1183 2409 redintegrandum
1215 2365 1273 2393 ex
1302 2348 1366 2394 H.
1392 2349 1649 2408 λευγαλέοις

121 2425 218 2471 ἀντὶ
242 2430 325 2471 τοῦ
347 2424 543 2470 λευαλέοι
572 2426 674 2485 (Sic)
702 2423 823 2485 παρὰ
853 2424 932 2470 τὸν
956 2423 1114 2483 λοιγὸν
1139 2425 1233 2471 ἀντὶ
1268 2430 1346 2471 τοῦ
1375 2426 1578 2475 ἀσθενεῖς.
1627 2426 1650 2469 ὁ

122 2502 167 2548 δὲ
188 2507 290 2556 νοῦς,
316 2502 340 2554 ἧ
375 2502 442 2546 καὶ
477 2503 531 2550 εἷς
566 2500 624 2546 τὰ
657 2502 906 2554 μετέπειτα,
932 2498 1010 2546 κᾶν
1042 2505 1292 2562 προσθήκην
1318 2503 1479 2554 ἡλικίας
1502 2501 1652 2557 λάβω-

121 2598 210 2631 μεν,
236 2578 426 2626 ἀσθενεῖς
450 2578 736 2640 φανησόμεθα
761 2578 828 2622 καὶ
855 2578 926 2622 οὐκ
951 2577 1233 2630 ἐπιστάμενοι
1259 2577 1318 2623 τὰ
1342 2584 1415 2631 τῆς
1439 2577 1595 2640 μάχης.

191 2655 245 2699 Ρ.
273 2659 338 2713 83,
364 2672 404 2710 4.
430 2654 497 2698 καὶ
524 2669 613 2698 om.
640 2653 701 2698 D.
866 2672 904 2713 5.
931 2655 1069 2716 φησὶν
1094 2655 1237 2700 etiam
1263 2654 1322 2700 D.
1503 2670 1540 2712 7.
1567 2654 1651 2700 οὐδ’

120 2730 441 2776 ἕτι--διόλωλε
484 2746 574 2775 om.
617 2730 677 2775 D.
884 2749 923 2789 9.
972 2732 1348 2782 ἐπανατεινόμενος
1395 2733 1536 2776 etiam
1586 2729 1650 2775 D.

129 2824 192 2853 10.
221 2805 309 2851 ἀπὸ
333 2807 473 2868 οἴκου]
502 2807 579 2851 Sic
605 2807 747 2851 etiam
775 2806 833 2851 D.
1070 2825 1135 2853 12.
1160 2809 1236 2861 τὴν
1262 2816 1309 2853 et
1336 2807 1446 2869 φησῖ
1473 2824 1562 2852 om.
1590 2808 1649 2851 D.

123 2884 419 2929 consentiens
453 2884 499 2927 in
535 2884 702 2928 vitioso
726 2881 883 2937 πάλην,
909 2886 995 2929 nisi
1022 2885 1144 2944 quod
1183 2886 1227 2929 id
1266 2883 1399 2929 πάλιν
1425 2885 1649 2942 scriptum

122 2967 205 3005 eSt.
349 2965 411 3005 16.
439 2959 705 3021 ἀτυχοῦντός
729 2981 778 3004 τε
803 2958 892 3011 ἅμα
918 2962 984 3005 καὶ
1006 2977 1096 3006 om.
1124 2962 1183 3006 D.
1220 2962 1484 3023 ἁτυχοῦντος
1511 2961 1650 3005 Butt-
