1907 3270
694 114 1107 160 PRAEFATIO.
1587 115 1668 159 lvii

210 226 262 272 P.
283 234 381 287 436,
405 246 471 275 12.
494 228 574 275 ἅτε
599 232 758 290 scripsi
785 247 866 290 pro
891 233 942 280 ὡς
967 231 1060 276 ἅτε.

210 305 262 349 Ρ.
279 320 377 364 437,
399 310 437 352 8.
464 306 562 363 ὄϊες]
596 307 674 352 Sic
701 306 764 350 H.
792 308 837 351 in
864 307 1101 352 lemmate.
1331 308 1659 370 Ἀρίσταρχος]

138 379 279 426 Adde
305 381 471 444 γράφει
498 398 556 427 ex
584 382 647 428 H.
864 383 981 441 οἵϊες]
1014 384 1094 431 ὄϊες
1122 382 1182 427 H.
1400 401 1467 439 24.
1493 385 1667 432 τούτοις

139 455 200 512 δὲ]
235 457 313 503 Sic
341 458 418 511 H„
446 475 537 503 non
561 460 735 508 τούτοις
759 460 840 504 καί.

206 532 258 578 Ρ.
278 539 377 594 438,
399 541 438 580 6.
465 535 582 580 ἀλλὰ
607 536 674 580 καὶ
701 538 772 592 εἷς]
805 535 924 580 ἄλλα
951 534 992 580 δὲ
1019 537 1072 585 εἷς
1100 536 1162 580 H.
1389 552 1455 595 25.
1481 537 1668 582 τανύπο-

137 609 208 667 δα]
239 611 510 656 τετανύποὸα
540 612 601 657 H.

203 686 256 732 P.
276 705 374 744 441,
399 706 463 733 10.
488 686 754 747 κολαστέος]
782 686 999 736 κολάσεως
1026 687 1088 732 H.

203 763 256 809 P.
276 781 374 821 442,
396 782 460 811 12.
496 765 702 810 Primam
737 765 1083 824 secundamque
1107 764 1313 810 ὑπόθεσιν
1337 764 1512 810 habeut
1540 764 1666 811 ΗΟ.

136 838 351 896 20.‘'O7-1]
385 841 697 886 Scribendum
720 842 784 885 ἔτι
812 857 871 885 ex
899 840 1024 886 ΗΟ.
1298 857 1365 887 22.
1391 841 1457 885 καὶ
1486 857 1576 886 om.
1605 841 1664 887 Ο.

136 932 203 974 23.
231 915 321 979 γὰρ
347 933 438 962 om.
465 916 522 962 O.

202 990 253 1037 P.
274 1011 372 1052 443,
394 1011 433 1039 2.
449 992 633 1053 ‘'Atclnv]
661 992 780 1038 ἅιὸου
805 995 862 1039 O.
1072 994 1170 1056 περὶ
1195 997 1275 1038 τοῦ
1300 994 1460 1039 νόστου
1485 1010 1577 1039 om.
1605 993 1663 1040 Ο.

202 1069 254 1114 P.
274 1088 372 1126 444,
393 1086 433 1129 5.
455 1069 764 1132 Ἐρικοῦσσαν,
784 1072 1120 1128 Φοινικοῦσσαν]
1147 1070 1332 1132 ἐρικώδη,
1354 1070 1583 1133 φοινικώόη
1605 1070 1663 1118 O.

133 1152 173 1191 6.
201 1147 363 1193 Verba
398 1148 445 1191 in
481 1149 786 1193 annotatione
823 1155 1083 1193 memorata
1118 1148 1193 1193 hio
1231 1149 1375 1193 etiam
1411 1147 1470 1193 O.
1505 1148 1662 1192 habet.

134 1241 202 1271 20.
227 1222 308 1284 τὸ]
335 1228 399 1282 τῷ
423 1226 565 1269 etiam
593 1224 655 1270 H.

199 1300 252 1346 P.
272 1316 371 1361 453,
394 1318 458 1360 15.
483 1307 560 1354 τῆς
584 1302 757 1363 ἡμέρας]
788 1307 864 1354 τῆς
890 1300 978 1363 ’γὰρ
1005 1301 1159 1363 ἡμέρας
1187 1300 1249 1345 Η.
1487 1319 1552 1359 19.
1577 1303 1664 1345 τῶν

131 1378 191 1435 ἐν]
221 1385 315 1427 τοῖς
340 1380 379 1423 ἐν
406 1378 469 1425 Η.
703 1396 769 1437 29.
796 1381 840 1423 αἱ
868 1379 1336 1441 νυκτεριναὶ-πόλεως
1360 1395 1451 1424 om.
1481 1378 1556 1432 H„
1583 1380 1664 1438 qui

132 1456 311 1515 incipit,
336 1454 495 1504 ἄλλως.
535 1456 646 1518 φησι
672 1456 772 1505 τοὺς
797 1464 885 1501 etc.

198 1531 251 1577 P.
290 1546 387 1591 454,
430 1550 466 1577 1.
506 1534 652 1595 χώραν
693 1533 734 1577 ἐν
782 1532 807 1593 ᾗ
853 1535 1086 1593 ’γεννᾶσθαι
1132 1549 1223 1578 om.
1276 1532 1338 1577 H.
1386 1533 1430 1576 in
1482 1532 1660 1577 lacuna.

130 1609 323 1668 πολλὴν]
354 1609 493 1654 πολὺν
520 1609 582 1655 H.
799 1609 877 1655 τὸν
904 1626 994 1655 om.
1023 1609 1086 1654 H.
1307 1626 1344 1655 2.
1373 1607 1515 1667 ψιλὰ]
1547 1607 1664 1667 ὑψη-

130 1685 190 1731 λὰ
217 1686 280 1731 H.
477 1705 516 1746 3.
544 1687 657 1732 Post
682 1687 990 1748 ἀποφέρεσθαι
1017 1687 1171 1746 pergit
1199 1685 1263 1730 H.
1290 1686 1448 1729 πλείων
1471 1684 1546 1736 μὲν
1572 1682 1661 1746 ’γάρ

130 1763 251 1807 ἐστιν
276 1764 298 1813 ἦ
323 1762 470 1824 ἡμέρα,
497 1763 629 1821 ὀλίγη
655 1761 698 1807 δὲ
723 1765 744 1814 ἡ
771 1761 853 1822 νὺξ,
879 1764 929 1811 ὡς
955 1760 1169 1806 ἀνάπαλιν
1195 1769 1284 1807 etc.

199 1839 252 1883 P.
272 1844 369 1894 461,
395 1856 459 1897 19.
490 1838 575 1891 μδ’,
600 1836 654 1884 οἷν
680 1841 721 1884 οἱ
747 1840 909 1892 ἡμίσεις
941 1839 1043 1895 εἰσὶ]
1088 1838 1165 1883 Sic
1202 1854 1290 1898 ego
1326 1839 1504 1882 correxi
1533 1839 1659 1897 quod

130 1924 201 1962 est
225 1917 272 1961 in
300 1916 361 1962 H.
387 1916 462 1969 μὲν
488 1916 606 1961 &evol
634 1920 746 1969 ἡμεῖς
771 1919 840 1966 εἷς.

196 1992 249 2038 P.
269 1999 366 2050 462,
390 2011 458 2039 20.
486 1995 539 2039 In
568 1994 630 2038 H.
657 1996 749 2039 (luo
774 2000 882 2039 sunt
913 1994 1101 2048 scholia,
1135 1993 1335 2038 alterum
1369 1994 1414 2036 in
1450 1993 1659 2052 margine

129 2071 329 2122 sinistro,
350 2070 552 2123 κήδιστος
571 2085 580 2116 :
617 2072 1008 2130 συγγενικώτατος,
1031 2068 1267 2132 φροντίδος
1286 2068 1417 2129 ἄξιος,
1437 2069 1662 2131 φίλτατος

128 2147 177 2208 ἐξ
199 2147 497 2209 ἐπιγαμβρίας
523 2148 724 2207 (sie):—
749 2148 948 2192 alterum
984 2149 1029 2191 in
1070 2148 1252 2200 dextro,
1287 2148 1385 2191 sine
1422 2146 1659 2201 lemmate,

128 2226 411 2286 σοφώτατος.
453 2224 584 2287 χωρὶς
607 2228 687 2268 τοῦ
710 2246 773 2276 τε,
799 2226 1080 2277 τιμιώτατος,
1106 2222 1498 2275 κηδεμονικώτατος
1515 2243 1593 2266 2—-

195 2301 249 2346 P.
269 2308 367 2357 464,
389 2318 455 2360 23.
482 2302 538 2346 In
564 2308 721 2346 annot.
748 2301 872 2346 linea
896 2299 1074 2361 penult.
1098 2299 1301 2361 peditum
1325 2315 1548 2344 excusum
1576 2315 1659 2359 pro

119 2378 368 2439 perditum.
532 2393 598 2437 25.
626 2379 746 2432 Quae
773 2394 831 2423 ex
860 2379 914 2423 B.
942 2379 986 2421 in
1014 2378 1316 2422 annotatione
1341 2377 1479 2422 attuli
1508 2378 1659 2422 verbis

128 2455 356 2500 similibus
388 2456 643 2515 perscripta
679 2456 901 2515 leguntur
936 2456 983 2499 in
1020 2455 1080 2499 D.
1109 2454 1209 2513 (fol.
1232 2458 1372 2512 251³),
1399 2454 1476 2498 ubi
1512 2454 1660 2499 mani-

128 2532 289 2576 festior
323 2534 465 2577 etiam
501 2532 816 2591 interpolatio.
888 2531 1016 2576 Nam
1062 2532 1271 2575 scholion
1315 2532 1441 2590 prius
1479 2531 1656 2589 inc-ipit,

127 2606 288 2652 ἄκολον
313 2607 356 2652 δὲ
379 2606 458 2652 τὸν
481 2613 557 2660 τῆς
581 2609 734 2669 πρίνου
758 2607 872 2670 φασὶ
908 2608 1053 2667 λέγειν
1076 2606 1254 2669 καρπὸν,
1285 2608 1335 2655 ὡς
1370 2605 1496 2658 δηλοῖ
1526 2607 1594 2650 καὶ
1633 2607 1655 2650 ὁ

128 2683 358 2736 Ἀθήναιος
384 2687 447 2745 (p.
469 2688 559 2743 50.)
585 2685 626 2728 ἐν
649 2683 712 2742 τῷ
736 2685 759 2728 ὁ
785 2683 1012 2737 συκάμινος
1037 2684 1265 2736 συκάμινον
1290 2684 1391 2744 ὁρᾷς
1416 2683 1538 2744 φέρει
1566 2688 1653 2728 etc.

196 2762 246 2805 P.
285 2767 382 2820 469,
418 2779 458 2820 5.
501 2761 544 2806 δὲ
582 2777 673 2806 om.
719 2761 780 2806 H.
998 2780 1036 2820 9.
1088 2760 1302 2815 Λιθικοῖς]
1356 2763 1545 2811 λιθιμοῖς
1589 2759 1651 2803 H.

130 2854 196 2880 10.
221 2837 380 2898 ἐχθρὴν
401 2836 705 2896 Ἐμπούσῃσι]
734 2838 786 2881 ἵν’
812 2838 969 2898 ἐχθρὴν
997 2830 1208 2889 ἐνπὲισησι
1237 2835 1298 2879 H.

194 2913 247 2957 P.
268 2929 367 2970 471,
389 2930 428 2971 5.
453 2915 596 2972 ὑγιῶς]
629 2915 773 2972 ὑγειῶς
800 2913 863 2958 H.

195 2989 247 3034 P.
267 2996 364 3046 476,
386 3006 425 3049 5.
462 2989 618 3047 ἄλσος]
661 2989 716 3035 τὸ
753 2989 890 3039 ἄλσος
929 2990 990 3034 H.
1232 2995 1270 3033 6.
1307 2987 1373 3032 καὶ
1411 2988 1645 3047 εὕσκαφος]
