1917 3183
697 95 1097 142 PRAEFATIO.
1583 97 1662 140 xiii

142 227 249 271 240.
299 214 352 265 Θ,
382 228 489 271 204.
518 230 625 275 332.
655 230 764 276 529.
815 215 852 267 1,
877 231 986 276 313.
1015 216 1124 276 356.
1151 230 1262 276 374.
1285 216 1395 276 387.
1419 215 1658 276 398400.

138 289 250 345 486.
301 289 358 342 K,
397 306 471 336 20.
506 303 609 351 153.
638 306 746 348 242.
777 305 884 351 251.
910 306 1021 352 491.
1074 291 1131 344 A,
1169 292 1661 352 76·121·136·224-

141 381 249 428 249.
279 382 304 411 2
311 370 408 426 54.)
433 368 554 426 quod
588 368 674 412 nisi
708 383 789 427 per
817 383 865 412 se
898 369 1008 412 satis
1043 369 1341 412 manifestum
1370 375 1505 420 esset,
1531 368 1663 412 scho-

139 442 232 487 lion
269 443 326 488 ad
366 442 424 496 A,
451 458 562 504 3¹5-
599 445 882 503 adscriptum
920 452 1054 488 extra
1086 444 1430 489 dubitationem
1465 451 1663 504 poneret

138 518 209 563 bis
233 519 383 563 Verbis
408 519 606 571 finitum,
631 517 740 564 καθὰ
766 520 832 562 καὶ
867 520 907 563 ἐν
935 525 1029 567 τοῖς
1062 523 1142 563 τοῦ
1170 519 1450 580 Περιηγητοῦ
1483 518 1664 572 δεδήλω-

138 615 225 647 ται,
251 595 419 653 quibus
446 595 719 640 Eustathius
744 597 811 639 uti
839 595 958 640 solet
984 596 1060 640 ubi
1088 597 1449 641 commentarios
1483 611 1589 641 suos
1614 596 1662 641 in

139 670 415 731 Dionysium
451 670 746 732 Periegetam
779 679 1022 717 memorat.
1095 671 1234 717 Alter
1273 687 1414 731 quem
1450 673 1663 717 dicebam

138 747 255 792 liber
286 747 622 793 Ambrosianus
654 755 725 794 est
762 748 815 792 E.
854 748 1027 805 (Partis
1059 749 1307 808 superioris
1346 749 1399 793 E.
1437 749 1548 810 89.),
1582 751 1663 808 qui

137 824 235 883 ipse
259 839 444 883 quoque
481 825 786 884 bombycinus
811 831 882 870 est
907 826 1212 884 ejusdemque
1247 840 1301 870 ac
1327 824 1382 869 B.
1408 826 1577 880 aetatis,
1603 841 1664 870 ex

138 900 256 945 Chio
281 901 430 946 insula
455 903 502 946 in
529 901 714 946 Italiam
742 902 1005 946 translatus.
1045 901 1214 947 Insunt
1240 902 1494 962 rhapsodiae
1514 901 1664 962 Odys-

138 992 225 1022 seae
249 993 415 1022 novem
442 979 600 1037 primae
625 994 728 1023 cum
757 978 943 1023 scholiis
968 979 1078 1023 satis
1103 979 1310 1038 copiosis,
1340 979 1507 1038 partim
1533 979 1665 1025 bonis

138 1062 185 1098 et
228 1056 442 1113 antiquis,
483 1057 653 1115 partim
700 1056 880 1101 levibus
921 1065 970 1100 et
1012 1056 1270 1100 inutilibus.
1357 1054 1489 1100 Folia
1530 1056 1666 1116 plura

137 1132 305 1176 amissa
329 1133 394 1189 (in
420 1133 588 1191 quibus
616 1133 776 1192 scripti
807 1133 998 1177 fuerunt
1030 1148 1189 1178 versus
1214 1132 1273 1184 A,
1308 1133 1478 1176 1—61.
1518 1132 1573 1183 B,
1603 1148 1664 1178 20

136 1222 281 1269 ——97.
311 1209 585 1269 235—280.
629 1209 680 1261 Γ,
709 1209 950 1254 21-108,
993 1209 1042 1262 Ζ,
1071 1209 1348 1270 308—331.
1400 1209 1461 1262 H,
1493 1224 1663 1255 1--12.

138 1284 192 1334 Θ,
212 1285 370 1345 26-7
384 1300 419 1330 1.
435 1299 624 1346 394—5
636 1285 712 1330 86.
729 1292 778 1331 et
798 1286 1042 1345 rhapsodia
1059 1285 1080 1328 I
1098 1290 1216 1342 tota)
1235 1287 1534 1344 postmodum
1557 1292 1666 1331 sunt

138 1361 354 1421 suppleta
394 1362 577 1406 insert-is
618 1362 740 1407 foliis
786 1378 880 1406 non
928 1362 1230 1422 bombycinis,
1275 1363 1354 1407 sed
1396 1362 1664 1414 chartaceis,

137 1438 322 1484 scholiis
351 1454 468 1492 vero,
497 1444 801 1498 praeterquam
826 1440 873 1483 in
901 1439 1048 1490 initio,
1074 1438 1349 1497 plerumque
1374 1439 1566 1483 omissis.

206 1514 262 1559 R.
295 1515 594 1561 Florentinus
621 1516 927 1560 Bibliothecae
954 1515 1281 1560 Laurentianae
1305 1516 1454 1575 plutei
1483 1526 1560 1575 57,
1587 1530 1664 1575 32.

138 1592 409 1637 chartaceus
444 1592 587 1638 seculi
614 1593 765 1651 quinti
799 1593 983 1644 decimi,
1010 1593 1087 1650 qui
1124 1592 1248 1637 inter
1283 1592 1384 1643 alia,
1411 1592 1470 1636 de
1495 1592 1664 1650 quibus

139 1669 365 1714 videndus
388 1668 592 1714 Bandini
619 1669 871 1728 Catalogus
905 1669 993 1713 vol.
1023 1684 1064 1712 2.
1104 1684 1145 1727 p.
1173 1669 1299 1728 384„
1334 1668 1510 1713 scholia
1544 1669 1666 1712 anti-

138 1760 230 1803 qua
252 1746 298 1788 in
324 1751 548 1803 quattuor
574 1745 743 1803 primas
760 1743 981 1802 Odysseae
1001 1744 1268 1803 rhapsodias
1293 1745 1517 1789 continet.
1578 1744 1665 1789 Est

138 1821 274 1866 bonae
312 1828 431 1865 notae
465 1820 594 1872 liber,
628 1835 685 1864 ex
726 1835 818 1878 quo
851 1819 1060 1865 Cobetus
1093 1822 1326 1880 excerpsit
1360 1836 1460 1879 quae
1497 1826 1664 1865 notatu

138 1897 277 1957 digna
301 1904 445 1940 erant.

204 1972 263 2018 D.
285 1971 530 2024 Parisinus,
566 1987 714 2031 nuper
747 1973 804 2017 ab
829 1988 906 2018 me
940 1974 1188 2032 inspectus,
1229 1975 1428 2034 primum
1468 1990 1663 2021 numero

141 2049 248 2110 287.
286 2056 487 2101 notatus,
524 2056 624 2093 tum
661 2063 817 2110 2794„
852 2065 977 2095 nunc
1006 2066 1148 2112 2403.
1219 2050 1333 2110 Ejus
1370 2050 1480 2096 folio
1514 2053 1663 2110 primo

136 2127 413 2186 inscriptum
463 2132 487 2150 ‘⁶
506 2125 586 2171 Eae
640 2125 925 2172 Bz'blz'otlzeea.
981 2125 1059 2173 Jo.
1099 2126 1298 2172 Hzcraltc‘
1360 2126 1661 2173 Boistalleriz'.

136 2202 248 2248 Emi
293 2219 321 2247 α
361 2201 554 2248 Nicolao
602 2202 768 2249 (ἔφατο
813 2204 967 2248 aureis
1015 2201 1084 2263 5.’'
1155 2204 1319 2250 Codex
1358 2212 1429 2249 est
1471 2205 1664 2264 bomby—

137 2282 267 2326 cinus
303 2280 446 2325 seculi
482 2281 633 2338 quarti
670 2280 854 2334 decimi,
893 2296 1033 2325 manu
1069 2281 1271 2342 eleganti
1311 2287 1358 2325 et
1398 2287 1662 2326 atramento

137 2358 388 2417 nigerrimo
430 2357 641 2416 scriptus,
691 2357 839 2402 forma
885 2357 1149 2402 chartarum
1192 2359 1431 2417 quadrata.
1501 2358 1664 2403 Conti-

137 2441 220 2478 net
243 2440 410 2493 praeter
433 2433 523 2478 alia
547 2433 743 2477 aliorum
778 2434 949 2492 scripta
973 2432 1229 2493 Odysseam
1264 2433 1342 2477 fol.
1377 2433 1663 2493 176.—308.

137 2525 245 2555 cum
271 2510 456 2555 scholiis
480 2510 674 2568 copiosis
699 2510 756 2554 ad
782 2509 1050 2568 rhapsodias
1075 2516 1170 2555 tres
1199 2511 1386 2569 primas,
1412 2509 1662 2554 rarioribus

138 2586 195 2631 ad
231 2587 274 2629 Δ
311 2586 408 2644 (ubi
444 2586 676 2630 recentior
716 2601 880 2631 manus
917 2587 1100 2647 incipit)
1141 2601 1288 2644 usque
1323 2585 1382 2629 ad
1422 2583 1479 2636 K,
1519 2600 1662 2644 prope

138 2662 278 2707 nullis
303 2663 359 2707 ad
386 2662 652 2722 rhapsodias
677 2662 890 2722 reliquas.
952 2663 1036 2707 Est
1062 2663 1250 2722 optimae
1274 2667 1396 2705 notae
1423 2660 1555 2713 liber,
1581 2663 1660 2720 qui

139 2754 231 2784 non
265 2739 414 2784 solum
440 2738 681 2798 Porphyrii
717 2753 888 2784 nomen
914 2738 1100 2784 scholiis
1133 2738 1306 2782 multis.
1333 2738 1410 2782 ubi
1440 2738 1539 2795 ejus
1565 2753 1662 2782 me-

137 2816 284 2859 moria
308 2816 355 2858 in
391 2814 492 2859 aliis
525 2815 761 2859 codicibus
797 2816 987 2866 excidit,
1013 2815 1295 2873 adscriptum
1337 2814 1548 2864 servavit,
1580 2815 1659 2857 scd

138 2891 280 2936 etiam
319 2891 522 2936 multum
565 2893 743 2937 confert
782 2892 836 2935 ad
878 2891 1071 2936 aliorum
1117 2892 1329 2935 codicum
1371 2890 1543 2933 scholia
1587 2889 1658 2933 vel
