1907 3270
212 118 275 163 liv
769 123 1181 170 PRAEFATIO.

279 239 328 284 Ρ.
353 244 445 295 248,
467 246 506 284 6.
534 240 586 285 In
615 240 671 286 D.
706 240 842 300 σκώψ
875 242 994 286 ἐστὶν
1027 244 1049 293 ἡ
1079 241 1292 300 λεγομένη
1330 239 1542 288 ἰδιωτικῶς
1565 259 1734 284 κουκου-

210 312 352 373 βάγια
378 315 496 378 παρὰ
520 315 574 361 τὸ
601 316 752 362 σκαιὰν
777 318 885 370 ὀπὴν
908 319 1020 379 ἔχειν
1056 318 1078 370 3³7
1111 316 1230 379 παρὰ
1264 316 1318 362 τὸ
1349 318 1538 362 σκώπτω
1561 314 1732 375 σκώψω

208 390 343 450 σκώψ
361 408 438 437 :—-
465 392 764 439 Vocabulum
789 392 1085 453 κουκουβάγια
1112 409 1171 439 ex
1197 395 1380 440 Corona
1404 394 1606 453 pretiosa
1630 408 1731 437 me-

207 470 405 513 moravit
431 468 699 531 Ducangius
729 488 772 531 p.
795 476 891 516 682.
965 470 1197 516 Usitatius
1234 478 1304 515 est
1334 469 1560 525 κοκοβαΐα.
1633 468 1732 514 Eu-

207 545 405 590 Statllius
430 561 472 605 p.
497 564 614 606 1523,
640 563 708 606 57.
735 552 900 596 σκῶπες
923 545 972 596 ἃς
996 548 1228 603 κουκούβας
1252 549 1293 591 οἱ
1313 547 1522 599 “Ρωμαΐοι
1551 546 1702 608 φασίν.

275 621 327 667 Ρ.
351 639 444 681 250,
468 640 534 670 22.
559 625 603 668 ἐκ
621 629 703 669 τοῦ
723 624 1022 685 Ἠρακλείτου
1048 640 1139 669 om.
1160 623 1218 669 D.
1424 641 1490 679 24.
1517 625 1732 668 καταθελ-

208 695 364 756 ξαντος
390 700 522 745 αὐτοῦ
545 700 623 746 τὸν
648 701 807 762 ἔρωτα]
839 700 1172 761 καταθέλξαντα
1197 702 1303 760 αὐτῇ
1338 704 1393 761 τῇ
1427 701 1630 761 ἐρωτήσει
1656 704 1732 752 τῆς

209 772 281 828 Π,
307 777 386 820 sed
414 777 647 838 adscripto
672 779 719 822 in
747 779 955 839 margine
981 775 1191 840 σφάλμα.

273 851 327 895 Ρ.
350 869 442 911 251,
469 871 503 899 1.
528 855 858 916 προπεμφθειή]
890 855 1110 917 πεμφθείη
1137 853 1194 899 D.
1417 871 1454 899 2.
1480 872 1732 915 προσωμοι-

207 927 360 979 ωμένος
381 929 568 991 εΕρμῆς]
600 931 997 992 προσομοιούμενος
1022 932 1044 975 ὁ
1070 932 1196 993 ἑρμῆς
1221 929 1280 976 D.
1503 948 1544 989 3.
1570 927 1730 991 τάχιον

208 1003 323 1049 οὐδὲν
341 1006 382 1050 ἐν
401 1006 640 1069 ἀνθρώποις
658 1008 818 1067 λόγου]
852 1008 1068 1054 Fortasse
1093 1014 1241 1068 poetae
1267 1023 1434 1060 versus,
1462 1008 1497 1051 si
1522 1010 1607 1051 τῶν
1626 1013 1731 1066 post

209 1079 322 1125 οὐδὲν
346 1083 556 1129 addatur.

274 1156 326 1200 P.
349 1174 444 1217 255,
466 1176 481 1203 1
495 1177 668 1219 1.——-15.
688 1160 744 1204 In
767 1160 828 1206 H.
846 1162 934 1206 tria
953 1169 1064 1206 sunt
1082 1160 1268 1213 scholia,
1289 1162 1339 1209 ὡς
1357 1159 1431 1212 μὲν
1450 1160 1519 1204 ὅτ’
1538 1158 1698 1220 ὠρίωνα
1717 1176 1726 1204 :

206 1233 366 1278 τούτου
389 1235 904 1298 ἐρεισθεῖσα--εὐφορῖων
932 1239 1048 1297 (Sine
1069 1236 1352 1293 δηλοῖ);--ὡς
1376 1236 1451 1288 μέν
1474 1237 1516 1281 τ’
1534 1235 1695 1296 ω’ρῖωνα
1715 1250 1725 1279 2

205 1308 314 1371 πρὸς
355 1309 410 1355 τὸ
452 1312 570 1373 ξένον
610 1318 684 1364 τῆς
725 1314 938 1374 ἱστορίας.
988 1316 1150 1371 τιθωνῷ
1185 1312 1272 1374 γὰρ
1310 1313 1371 1356 ἀεὶ
1409 1319 1592 1356 συνοικεῖ
1625 1310 1727 1373 παρ’

206 1386 319 1444 αὐτῷ
341 1401 416 1431 :——
442 1389 464 1432 ὁ
490 1390 657 1441 μέν-ἡ
683 1391 816 1451 ἡμέρα
836 1407 913 1435 :—

273 1463 327 1508 P.
350 1480 445 1522 270,
468 1483 505 1510 2.
533 1468 771 1529 θυγατέρος
796 1470 937 1512 etiam
966 1466 1028 1511 H.

272 1540 326 1585 P.
350 1556 446 1598 271,
463 1560 502 1600 3.
520 1547 575 1602 τῇ
594 1542 755 1603 ἄρκτῳ]
782 1542 836 1588 τὸ
861 1531 925 1606 σς(
943 1544 1006 1588 Η.
1028 1543 1153 1603 quod
1169 1541 1227 1588 τὸ
1243 1549 1365 1604 σχεῖν
1385 1544 1499 1603 legit
1520 1543 1725 1588 Cramer.

273 1616 367 1661 Ρ.2
348 1632 442 1676 725,
464 1635 529 1663 12.
555 1621 774 1680 μηχιστα]
805 1640 995 1672 μηκιστα
1026 1620 1087 1665 H.

271 1693 323 1738 P.
347 1709 443 1751 277,
470 1713 507 1753 9.
514 1713 652 1754 —13.
681 1695 841 1741 Habet
869 1695 930 1741 H.
1140 1713 1203 1740 11.
1231 1694 1291 1751 δὲ]
1325 1693 1414 1755 γὰρ
1442 1694 1504 1740 H.

270 1769 323 1814 P.
351 1785 445 1829 279,
470 1788 534 1816 10
573 1770 743 1816 δύναται
782 1792 890 1833 Τρος
926 1772 1184 1833 ἀμφοτέρας
1219 1778 1371 1833 χωρεῖν
1408 1793 1429 1823 η
1466 1771 1581 1832 λέξις
1618 1771 1728 1816 Cra-

202 1848 319 1892 meri
345 1863 482 1893 erlOr.
556 1849 705 1894 Recte
730 1851 879 1894 codex
908 1848 1079 1894 δύναται
1107 1850 1216 1910 πρὸς
1241 1849 1479 1910 ἀμφότερα
1515 1855 1668 1910 χωρεῖν
1703 1851 1726 1901 ἧ

202 1913 263 1984 ἐξ.
320 1924 593 1985 Ἀμφότερα
620 1926 865 1971 scholiasta
890 1926 1004 1970 dicit
1029 1928 1131 1970 Θεῶν
1155 1933 1203 1970 et
1227 1927 1402 1986 ἔμμορε.

272 2000 325 2045 Ρ.
348 2017 445 2060 293,
465 2007 643 2059 6.—-17.
665 2002 932 2060 Utrumque
949 2001 1300 2062 Argumentum
1321 2003 1497 2047 habent
1516 2000 1725 2055 H.O.V.,

201 2076 328 2134 prius
353 2074 410 2120 D.
617 2092 652 2133 7.
679 2076 930 2136 ἆγαγούσῃ]
962 2077 1129 2136 ἀγούσῃ
1156 2076 1213 2121 D.
1437 2081 1500 2122 18.
1527 2076 1717 2134 καθεῦδε]

205 2151 284 2197 Sic
311 2151 373 2196 H.
581 2170 646 2199 20.
672 2155 694 2197 ὁ
722 2151 1077 2215 γὰρ-βλάπτει
1104 2154 1247 2199 habet
1268 2153 1331 2197 H.

270 2229 323 2273 P.
345 2246 440 2288 294,
465 2247 528 2289 13.
553 2230 819 2289 ἐγκλιτικὸν]
851 2231 1011 2276 Scribe
1036 2231 1258 2289 ἐγκλιτικὴ
1284 2246 1342 2275 ex
1372 2229 1433 2274 H.

270 2305 323 2351 P.
344 2323 440 2365 301,
470 2324 531 2365 15.
558 2306 809 2371 ἆπόζευξεν]
840 2306 1062 2371 ὑπόζευξιν
1089 2306 1135 2349 H

270 2382 322 2428 P.
349 2398 445 2441 307,
471 2401 535 2439 14.
560 2383 690 2445 ὀρθὸν
714 2385 781 2429 καὶ
807 2384 952 2446 εὐφυὲς
976 2384 1125 2440 μόνον]
1158 2381 1286 2445 ὀρθὸν
1310 2384 1440 2435 μόνον
1474 2382 1543 2427 καὶ
1579 2382 1726 2444 εὐφυὲς

201 2460 332 2512 μόνον
359 2461 459 2519 (Sic)
489 2460 550 2505 H.

268 2535 322 2580 P.
365 2553 463 2594 314,
496 2554 565 2595 30.
603 2537 676 2581 ἐπί
709 2540 851 2594 τινων]
899 2538 1105 2588 ἐπιτιμῶν
1148 2536 1375 2581 Schmidt.
1424 2536 1480 2580 ad
1530 2534 1720 2594 Didymi

203 2610 387 2671 Fragm.
413 2627 457 2670 p.
479 2617 570 2670 196.

267 2686 320 2730 P.
347 2702 444 2745 317,
470 2705 534 2746 19.
567 2686 730 2748 ἄλλην]
770 2689 930 2734 Scribe
966 2688 1080 2749 ἐὶλλῃ
1114 2705 1173 2735 ex
1200 2688 1261 2733 H.
1467 2704 1532 2731 20.
1571 2687 1720 2732 Recte

200 2763 376 2823 conjeci
401 2763 662 2809 Aristarchi
695 2779 867 2810 nomen
901 2764 1023 2810 male
1060 2766 1150 2811 huc
1175 2765 1359 2810 illatum
1385 2778 1497 2809 esse.
1567 2762 1719 2809 Abest

199 2841 257 2884 ab
286 2839 346 2884 H.

267 2915 318 2959 P.
361 2919 457 2973 318,
502 2934 540 2974 3.
588 2916 751 2976 λείπει]
803 2917 878 2962 Sic
927 2918 1104 2962 correxi
1153 2930 1232 2975 pro
1279 2915 1428 2974 λόγος,
1472 2916 1597 2975 quod
1647 2923 1717 2960 est

200 2994 246 3036 in
275 2993 336 3037 H.
