1907 3270
665 141 1076 190 PRAEFATIO.
1468 149 1635 193 xxxvii

106 275 174 317 33.
198 255 310 302 κατὰ
329 257 470 318 κρᾶτα
495 254 823 315 καλυψάμενος]
849 258 1274 319 κατακαλυψάμενος
1293 260 1354 305 D.
1400 260 1512 306 κατὰ
1531 264 1635 323 κρᾶ-

104 355 164 380 τα
184 350 276 380 om.
295 333 359 379 H.
495 351 563 392 34.
590 335 626 378 εἰ
650 333 693 378 δὲ
719 334 777 378 D.
826 336 863 379 εἶ
886 334 934 386 δὴ
960 335 1023 381 Η.
1167 352 1235 396 35.
1261 338 1339 389 τὴν
1356 339 1552 400 κεφαλὴν
1571 338 1632 384 D.

105 411 183 462 τὴν
207 427 297 457 om.
321 409 384 455 H.
528 413 550 462 ἡ
574 412 679 472 παρ’
700 412 833 468 αὐτῷ]
865 411 887 463 ’ἦ
913 414 1014 473 παρ’
1037 414 1167 457 αὐτοῦ
1192 414 1251 458 D.
1432 421 1501 474 36.
1532 416 1634 460 παί-

106 487 240 536 δευσις
257 521 267 532 .
286 522 295 532 .
313 523 322 532 .
341 523 350 532 .
368 488 548 549 αἰσχύνη
567 486 630 530 H.
678 486 913 536 παιδευθεὶς
938 489 1196 549 αἰσχύνομαι
1223 490 1282 534 D.
1303 492 1403 536 Sine
1429 491 1608 537 lacuna.

173 564 226 609 P.
253 569 320 617 61,
345 581 380 608 1.
405 561 698 620 κατάστασις]
735 562 1017 625 παράστασις
1043 565 1101 609 D.
1150 564 1433 627 παράστασις
1456 571 1541 612 τῶν
1567 570 1635 613 Θε-

103 639 362 703 ραπαινίδων
392 647 463 686 est
493 656 538 700 p.
563 655 632 699 59,
659 644 711 694 8.,
745 642 823 686 sed
862 639 1139 690 κατάστασις
1171 646 1256 687 τῶν
1290 645 1554 703 Θεραπαινῶν
1587 660 1632 703 p.

106 723 172 771 61,
196 735 260 776 13.
465 734 502 763 2.
536 717 712 779 ἐξαιρεῖ]
751 717 906 779 ἐξαίρει
942 718 1002 762 D.
1221 736 1260 777 3.
1291 720 1492 776 ἕπονται]
1528 720 1635 779 αὐτῇ

104 796 285 839 ἕπονται
311 794 370 838 D.
396 800 537 839 recte.
701 797 785 839 τῶν
808 795 1052 853 μεγίστων]
1085 795 1394 840 Scribendum
1422 800 1507 840 τῶν
1532 816 1633 841 παι-

105 870 257 915 δισκῶν
286 887 346 916 ex
372 871 445 922 D.‚
471 872 550 929 qui
586 870 729 915 habet
763 873 848 915 τῶν
882 871 1103 929 μεγίστων
1138 870 1388 916 παιδισκῶν.
1591 886 1632 930 5.

103 947 221 1009 περὶ]
253 945 372 1009 παρὰ
400 946 461 992 D.
669 961 706 1004 7.
735 946 1042 992 Scribendum
1070 948 1179 992 πύκα
1205 951 1427 1004 ποιητοῖο]
1460 952 1630 1002 πυκνῶς,

103 1025 313 1076 ἐπιμελῶς
337 1024 742 1076 κατεσκευασμένου,
770 1031 822 1068 ut
848 1032 919 1069 est
944 1026 990 1069 ill
1017 1025 1078 1078 S„
1105 1041 1246 1084 quem
1281 1041 1374 1070 non
1405 1031 1534 1070 recte
1567 1025 1632 1071 le-

102 1102 173 1161 git
197 1101 460 1154 Cramerus,
491 1108 539 1145 et
564 1101 699 1153 O.V.,
727 1102 810 1146 nisi
843 1103 963 1161 quod
998 1105 1155 1150 πυκνῶς
1180 1117 1270 1146 om.
1297 1101 1424 1147 O.V.
1495 1101 1630 1146 Conf.

103 1178 244 1224 schol.
271 1180 328 1224 ad
349 1195 390 1223 V.
416 1184 513 1237 436,
540 1195 582 1238 p.
604 1196 670 1236 70,
693 1196 757 1238 19.
984 1197 1047 1225 12.
1071 1179 1127 1224 τὸ
1153 1177 1349 1241 δάκρυον]
1387 1180 1455 1224 καὶ
1479 1179 1534 1224 τὸ
1560 1178 1634 1224 δά-

102 1276 226 1318 κρυον
244 1255 302 1299 D.
328 1256 374 1300 in
395 1271 485 1314 quo
511 1255 598 1300 hoc
624 1255 832 1301 scholion
858 1255 1031 1316 legitur
1055 1263 1160 1315 post
1179 1257 1319 1302 verba
1343 1257 1630 1317 ἀρεσκόμενον

103 1333 211 1391 αὐτῇ
247 1332 309 1391 (p.
334 1336 403 1390 58,
432 1333 519 1388 22.)
546 1332 626 1376 ubi
664 1332 723 1376 D.
753 1334 918 1393 pergit,
951 1332 1007 1377 τὸ
1044 1331 1088 1377 δὲ
1123 1331 1232 1378 ἀντα
1269 1331 1484 1394 παρειάων
1520 1352 1633 1395 σχο-

102 1410 202 1460 μένη
227 1415 315 1453 etc.
500 1424 564 1466 15.
590 1413 655 1453 16.
681 1407 736 1453 τὸ
762 1407 1173 1472 δῖε-παρασχοῦσα
1199 1425 1290 1454 om.
1313 1408 1372 1453 D.
1565 1424 1630 1468 15.

101 1483 157 1530 τὸ
183 1484 383 1547 ὃὲ--πρὸ
407 1487 510 1541 τῶν]
553 1484 662 1529 (Ϊῖντα
695 1483 935 1547 παρειάωνζ
973 1484 1061 1547 πρὸ
1086 1489 1171 1530 τῶν
1198 1485 1261 1530 H.
1472 1501 1535 1543 17.
1565 1485 1633 1530 tecti

103 1577 194 1606 om.
220 1561 279 1606 D.
416 1562 720 1624 σωφροσύνην]
751 1562 828 1615 τὴν
853 1562 1139 1624 σωφροσύνην
1162 1562 1226 1607 H.
1247 1568 1388 1608 recte.
1565 1566 1629 1606 18.

103 1638 330 1700 ἐκφαῖνων]
361 1639 578 1699 ἐμφαίνων
602 1638 662 1683 D.
688 1645 830 1684 reete.
878 1639 1074 1701 ἐμφανῖὃ-
1101 1638 1163 1682 H.

171 1715 222 1759 P.
250 1720 320 1768 62,
346 1733 379 1759 1.
405 1715 473 1758 καὶ
499 1730 590 1759 om.
619 1714 681 1758 H.
855 1733 896 1773 3.
925 1718 946 1766 ἡ
975 1715 1211 1767 Πηνελόπη
1237 1730 1328 1759 om.
1358 1714 1419 1758 H.
1590 1733 1629 1771 4.

102 1796 179 1842 τῆς
205 1794 290 1835 τῶν
315 1790 529 1851 Ἀχαιῶν]
568 1796 644 1843 τῆς
679 1790 820 1843 ἀοιδῆς
855 1792 923 1835 καὶ
959 1797 1036 1843 τῆς
1070 1791 1210 1842 μνείας
1245 1791 1402 1843 ταύτης
1437 1796 1512 1842 τῆς
1547 1795 1632 1836 τῶν

103 1867 266 1928 ἀχαιῶν
294 1866 355 1911 Η.
382 1874 521 1912 recte.
688 1873 727 1911 6.
751 1888 827 1919 μεν
853 1868 936 1923 (sic
962 1869 1059 1912 sine
1084 1869 1301 1925 accentu)
1320 1866 1479 1920 z--H„
1501 1870 1631 1927 quasi

103 1943 219 1989 nihil
245 1944 487 1989 exciderit.
657 1948 697 1987 8.
715 1942 943 2002 Ἐλλάδα]
977 1942 1161 1992 ἑλλάόος
1187 1943 1249 1988 Η.
1423 1949 1629 2002 23.—28.

104 2020 290 2066 Horum
324 2020 604 2065 scholiorum
637 2022 750 2065 ordo
784 2027 832 2065 et
864 2022 1091 2079 scriptura
1122 2021 1217 2065 haec
1242 2021 1382 2064 estin
1412 2019 1475 2063 H.
1526 2019 1632 2081 ὑφὲν

103 2097 405 2156 ἀναγνωστέον
428 2095 505 2141 τὸν
531 2097 692 2158 στίχον
717 2097 921 2153 (versum
948 2098 1062 2142 dicit
1091 2100 1222 2156 355.).
1272 2095 1470 2145 ὁδυσσεύς
1494 2099 1538 2155 γ’
1560 2097 1630 2141 οὐκ

103 2173 305 2218 ἀπώλεσε
331 2175 527 2234 (corrige
555 2173 643 2235 γὰρ
675 2175 746 2218 οὐκ
782 2175 1007 2232 ἀπώλετο)
1033 2175 1073 2219 ἐν
1101 2174 1244 2233 Τροίᾳ
1263 2172 1514 2219 ζ--ἅτοπον
1539 2172 1628 2235 γὰρ

102 2248 180 2293 τὸν
208 2249 265 2301 μὴ
299 2247 521 2301 δυνάμενον
545 2247 623 2297 τὰς
652 2248 829 2311 πράξεις
861 2253 945 2294 τῶν
969 2252 1222 2312 μνηστήρων
1257 2250 1425 2293 κωλύειν
1455 2248 1629 2297 ἀτόπως

102 2325 275 2373 τούτοις
321 2325 524 2378 ἐπιτιμᾶν
541 2341 549 2370 :
565 2353 627 2358 —-
647 2325 889 2374 διαστόλως
932 2326 1233 2385 ἀναγνωστέον
1246 2352 1311 2359 --
1327 2325 1533 2370 ἀπώλετο
1551 2341 1629 2371 :—

104 2402 196 2446 Pro
233 2400 476 2450 ὃιασ-τόλως
512 2403 557 2446 in
586 2402 632 2447 S.
659 2404 885 2463 scriptum
918 2401 986 2447 διὰ
1010 2402 1065 2447 τ’.
1138 2403 1315 2448 Veram
1351 2403 1629 2461 scripturam

103 2476 374 2526 ἀδιαστόλως
413 2494 500 2539 ego
539 2479 734 2524 restitui.
808 2479 950 2525 Porro
986 2480 1033 2524 S.
1059 2479 1105 2522 οὐ
1142 2477 1230 2540 γὰρ
1268 2477 1468 2526 ὀδυσσεὺς
1502 2479 1543 2523 ἐν
1576 2485 1629 2522 ut

104 2556 161 2599 O.
182 2554 244 2599 V.

172 2630 225 2675 P.
252 2635 318 2689 63,
347 2648 384 2676 2.
410 2632 450 2674 ἐν
474 2632 530 2690 τῇ
555 2629 594 2694 ζ’
616 2637 692 2684 τῆς
707 2629 896 2681 Ἰλιάδος
920 2647 1011 2677 om.
1038 2632 1086 2676 S.
1326 2645 1365 2691 7.
1396 2631 1620 2689 λέγοντες]

103 2707 357 2764 ἀγνοοῦντες
383 2706 441 2751 D.
650 2722 713 2763 17.
742 2709 797 2752 In
822 2709 997 2753 scholio
1023 2708 1084 2761 S„
1110 2708 1234 2766 quod
1267 2709 1314 2751 in
1346 2713 1503 2752 annot.
1530 2722 1626 2751 me-

106 2783 291 2836 moravi,
318 2784 465 2829 codex
500 2784 642 2829 habet
675 2782 932 2839 ἀπεβάλετο
957 2783 1026 2837 τὸ,
1057 2799 1148 2828 non
1182 2783 1383 2838 ἀπέβαλε
1406 2783 1475 2836 τὸ,
1500 2783 1624 2841 quod

105 2858 350 2903 Cramerus
374 2861 544 2918 posuit.

173 2934 224 2979 P.
253 2940 318 2989 64,
346 2953 380 2979 1.
405 2935 549 2996 ὕβριν]
577 2936 655 2981 Sic
681 2938 821 2981 etiam
850 2940 912 2989 S„
939 2953 1030 2980 non
1055 2937 1349 2997 ὑβρισθεῖσαν.
1557 2949 1622 2977 20.
