1907 3270
174 119 220 162 xl
733 113 1134 159 PRAEFATIO.

176 232 348 277 relicto.
568 246 632 285 24.
657 232 742 273 τῶν
766 232 962 273 παλαιῶν
986 231 1127 274 etiam
1153 229 1282 274 D.H.
1488 243 1553 286 25.
1582 227 1696 273 Posi}

171 311 302 354 αὐτοῦ
325 309 384 354 D.
412 309 574 368 pergit,
601 306 757 355 ἄλλως.
807 308 856 354 ὡς
880 305 1055 365 κυνηγὸς
1079 314 1168 351 etc.
1198 307 1261 367 (p.
1283 321 1304 364 7
1309 320 1349 365 5,
1371 308 1456 366 12.)

239 386 291 429 P.
318 390 381 441 76,
410 402 445 443 3.
481 384 556 429 Gl.
582 382 765 444 καθέδρᾳ
803 384 944 428 habet
971 383 1033 427 H.
1271 400 1311 442 5.
1348 383 1688 446 πρεσβυτέρους]

174 461 426 521 πρεσβύτας
453 459 515 504 Η.
716 465 754 504 6.
781 463 846 503 νῦν
865 458 1012 504 :—-H.
1040 459 1137 514 (fol.
1164 457 1249 518 8b.)
1385 463 1521 504 τοῦτο
1547 458 1590 503 δὲ
1614 460 1688 515 εἷς]

170 536 284 597 εἶξαν
321 535 363 580 δὲ
399 537 627 598 γέροντεςῑ
664 540 800 581 τοῦτο
832 538 886 584 εἷς
916 542 1004 581 etc.
1034 535 1095 580 H.
1123 537 1221 595 (fol.
1244 534 1324 593 7¹³.)
1538 540 1577 580 8.
1605 536 1694 579 ἑαυ-

168 615 272 668 τῶν]
304 614 440 657 αὐτῶν
468 613 530 657 Η.
751 630 815 656 10.
842 613 940 673 ἀξίᾳ
968 612 1026 657 D.
1052 619 1105 657 ut
1129 611 1245 667 E.Q.
1462 627 1525 670 17.
1551 611 1696 674 πρόσ-

171 709 303 734 κειται
335 689 395 734 H.
422 698 474 734 ut
500 690 682 734 Buttm.
889 704 954 747 25.
980 690 1220 751 ἐπιφωνῶν]
1260 690 1498 751 ἐπιφονέων
1525 688 1587 734 Η.
1614 688 1693 732 fol.

172 764 233 810 8¹³.
260 767 336 810 ubi
364 772 467 825 post
492 766 647 827 εἴρηκεν
670 767 822 825 pergit
855 766 984 814 ὅντως
1007 766 1206 818 πύματον
1229 767 1298 810 καὶ
1323 767 1518 826 ἔσχατον
1544 764 1612 810 διὰ
1636 766 1694 811 τὸ

167 845 451 903 τιμωρηθῆναι
478 842 550 886 ἀπ’
574 841 874 889 ὀδυσσέωςε-
944 842 1075 887 Idem
1092 858 1200 886 vero
1222 843 1300 886 fol.
1323 840 1384 899 7¹³.
1410 843 1456 886 in
1482 844 1693 903 margine

167 925 328 963 textus
358 919 444 963 hoc
475 919 679 963 scholion
714 919 867 971 habet,
894 922 987 969 ἤτοι
1013 918 1092 963 τὸν
1115 916 1236 977 τάξει
1263 919 1458 979 ἔσχατον
1484 919 1506 971 3¹7
1533 920 1693 981 ἐπιφο-

170 991 416 1035 νέων-ὑπὸ
439 996 519 1036 τοῦ
543 992 750 1041 ὀδυσσέως
769 1011 848 1037 2-

236 1068 288 1111 Ρ.
324 1082 392 1125 77,
432 1086 471 1126 3.
511 1070 565 1113 In
608 1070 667 1113 D.
711 1070 797 1114 hoc
844 1070 1051 1114 scholion
1100 1071 1198 1115 sine
1242 1071 1464 1116 lemmate
1512 1072 1691 1131 incipit,

173 1143 353 1189 δεῖπνον.
389 1145 509 1207 τρισὶ
534 1149 727 1207 τροφαῖς
751 1153 839 1191 etc.
1041 1162 1081 1205 5.
1117 1146 1216 1196 τοὺς
1251 1145 1582 1206 λαμβάνοντας]
1622 1149 1693 1192 αὗ·-

167 1220 266 1269 τοὺς
290 1219 598 1277 λαμβάνοντας
618 1222 742 1269 O.V.
932 1229 970 1267 6.
996 1224 1187 1285 τροφὴν]
1212 1225 1290 1276 τὴν
1308 1224 1482 1286 τροφὴν
1503 1225 1691 1273 D.O.V.

170 1302 208 1340 8.
235 1296 289 1342 τὸ
313 1299 404 1342 καθ’
433 1301 537 1350 ἡμᾶς
561 1300 798 1358 λεγόμενον
823 1298 1007 1361 ἄριστον
1033 1317 1121 1345 om.
1150 1300 1339 1347 H.O.V.
1537 1302 1693 1348 Verba

173 1373 240 1417 καὶ
267 1374 361 1418 ἔστι
388 1374 500 1419 κατὰ
524 1374 579 1420 τὸ
603 1377 755 1428 ἔτυμον
780 1377 972 1421 δείπονον
995 1378 1152 1422 addidi
1178 1393 1236 1422 ex
1264 1376 1380 1422 D.T.
1544 1396 1607 1424 11.
1633 1378 1690 1424 τὰ

166 1449 401 1508 πολεμικὰ]
433 1450 491 1495 τὰ
517 1468 607 1497 om.
635 1451 698 1496 H.
906 1470 968 1499 12.
1003 1452 1194 1515 δεῖπνον]
1223 1453 1390 1498 δεῖπνον
1413 1454 1503 1499 ἀπὸ
1529 1460 1611 1500 τοῦ
1636 1455 1692 1501 τὸ

165 1524 268 1587 δόρυ
308 1527 464 1580 παύειν,
504 1527 526 1579 ’ὴ
562 1527 617 1572 τὸ
654 1527 850 1580 δεόμενον
890 1529 1187 1582 ὕπνουῖ-Ε,,
1221 1532 1400 1575 omissis
1433 1532 1585 1576 verbis
1622 1532 1691 1576 καὶ

163 1602 262 1645 ἔστι
290 1600 401 1646 κατὰ
426 1602 480 1647 τὸ
505 1604 660 1655 ἔτυμον
685 1605 1165 1667 ιάύερπον-αἱρεῖσθαι
1191 1608 1338 1668 τρίτα.
1532 1625 1594 1654 12.
1623 1625 1690 1664 24.

168 1678 431 1723 Deleantur
454 1682 779 1726 annotationes
803 1682 847 1725 in
869 1682 1146 1741 Appendice
1171 1699 1214 1742 p.
1233 1687 1327 1742 738.
1355 1685 1515 1743 positae
1540 1686 1596 1729 ad
1619 1698 1686 1742 77,

168 1771 231 1799 12.
257 1761 307 1799 et
333 1771 399 1810 24.
614 1772 676 1814 15.
702 1759 836 1818 τρίτα
865 1759 1019 1803 addidi
1047 1775 1106 1804 ex
1132 1759 1190 1803 D.
1217 1766 1265 1804 et
1290 1759 1554 1807 Athenaeo:
1592 1776 1683 1806 om.

164 1832 324 1875 ceteri.
532 1849 597 1889 19.
623 1834 792 1891 γονέας]
827 1841 965 1892 γονεῖς
990 1836 1129 1879 etiam
1159 1834 1218 1879 D.

231 1906 284 1950 P.
312 1911 378 1963 78,
404 1925 444 1965 3.
480 1907 608 1966 τινὲς]
650 1906 764 1957 τινὸς
795 1907 861 1954 D.
1089 1927 1153 1956 12.
1187 1913 1242 1959 εἷς
1276 1909 1331 1955 τὸ
1368 1913 1582 1970 ὀνήμενος]
1607 1917 1688 1957 τοῦ

161 1983 370 2034 ὀνήμενος.
431 1984 623 2029 Correxi
663 2001 721 2030 ex
766 1985 829 2030 H.
866 1987 997 2046 cujus
1033 1987 1241 2032 scholion
1279 1987 1368 2032 hoc
1410 1995 1492 2041 est,
1537 1989 1592 2037 εἰς
1631 1988 1688 2034 τὸ

161 2060 356 2111 ὀνήμενος
390 2060 529 2104 λείπει
564 2059 618 2105 τὸ
649 2062 708 2114 εἰἠ
742 2062 837 2107 ἀντὶ
862 2067 941 2107 τοῦ
977 2064 1286 2116 ὀνηθησόμενος
1321 2063 1388 2107 καὶ
1420 2064 1563 2116 ὄνησιν
1597 2065 1689 2109 ἑαυ-

161 2139 243 2178 τοῦ
265 2132 416 2190 λάβοι.
625 2153 688 2195 15.
714 2140 864 2196 αὑτοῦ]
897 2141 1027 2184 αὐτοῦ
1053 2140 1107 2185 Ε.
1292 2146 1356 2185 18.
1384 2141 1438 2185 In
1467 2139 1532 2186 D.
1559 2148 1689 2203 χαῖρε

159 2209 202 2255 δὲ
227 2214 375 2272 φήμῃῖ
414 2212 575 2262 δικαίως
600 2213 758 2267 ἥδεται.
795 2217 818 2260 ὁ
847 2215 936 2279 γὰρ
965 2216 1159 2278 πρέσβυς
1191 2216 1398 2279 ἀφορμὰς
1427 2222 1507 2263 τοῦ
1538 2219 1684 2277 λέγειν

161 2288 312 2343 (deest
337 2290 567 2350 verbum).
605 2295 627 2344 ἡ
664 2291 708 2336 δὲ
739 2292 901 2346 κληδὼν
936 2292 992 2338 τὸ
1029 2296 1201 2355 θαρρεῖν
1237 2294 1683 2355 ἀντιπαρεσκεύασενῑ

158 2364 389 2410 —Simile
413 2367 525 2425 quid
562 2367 734 2428 legitur
758 2370 805 2413 in
833 2368 896 2414 H.
922 2370 1002 2414 sed
1026 2385 1118 2414 non
1144 2371 1253 2414 satis
1283 2369 1405 2414 clare
1440 2371 1679 2429 scriptum.

158 2457 225 2499 23.
258 2440 312 2486 δι’
342 2444 564 2505 ἑκατέρας]
611 2447 664 2489 In
703 2445 767 2491 διὸ
800 2447 867 2490 καὶ
900 2448 1029 2509 τέρας
1062 2453 1330 2505 corruptum
1361 2448 1408 2491 in
1439 2447 1484 2491 S.
1548 2448 1681 2492 Idem

157 2531 247 2561 om.
274 2517 334 2562 ὅν.
541 2537 606 2576 24.
634 2520 774 2566 Adde
800 2522 1007 2567 scholion
1033 2537 1091 2566 eX
1118 2519 1184 2566 D.
1214 2526 1438 2582 σκῆπτρον
1468 2520 1513 2566 δέ
1545 2523 1587 2565 οἱ
1610 2522 1683 2574 ἔμ-

159 2592 274 2645 βαλε
315 2594 447 2654 χειρί]
496 2593 561 2639 διὰ
604 2597 650 2640 τί
687 2598 750 2654 τῷ
786 2598 987 2659 προτέρῳ
1026 2596 1079 2642 τὸ
1121 2603 1346 2658 σκῆπτρον
1384 2598 1455 2641 οὐκ
1492 2598 1682 2652 ἐνέθηκε;

159 2667 273 2713 διότι
300 2671 323 2713 ὁ
348 2670 421 2720 μὲν
446 2671 600 2732 ἐρωτᾷ,
624 2674 647 2717 ὁ
674 2673 716 2718 δὲ
741 2674 996 2736 δημηγορεῖν
1020 2675 1170 2728 ἐθέλει,
1197 2674 1339 2722 ἄλλως
1373 2695 1423 2719 τε
1454 2674 1520 2718 καὶ
1552 2676 1684 2729 βασι·-

157 2744 262 2792 λέως
286 2746 382 2793 υἱός.
431 2746 636 2793 Videtur
661 2751 869 2796 scholion
897 2767 997 2797 esse
1023 2751 1283 2812 Porphyrii.

224 2819 276 2864 P.
306 2835 371 2879 79,
399 2838 436 2866 2.
475 2822 585 2867 Non
620 2827 766 2883 prima
791 2833 976 2872 tantum
1003 2828 1153 2880 verba,
1183 2829 1263 2872 secl
1289 2833 1444 2872 totum
1474 2827 1680 2871 scholion

156 2895 298 2939 habet
338 2897 384 2942 S.
588 2918 625 2957 3.
671 2900 705 2941 δ’
743 2903 838 2963 ἐμέ]
876 2902 920 2947 δέ
953 2924 1006 2956 με
1044 2903 1107 2948 H.
1310 2908 1445 2958 4—6.
1485 2901 1680 2947 Habent
