1917 3183
255 127 332 170 viii
815 126 1222 173 PRAEFATIO.

252 245 439 292 Scholia
463 263 607 306 quum
633 248 880 293 Cramerus
903 249 970 294 ita
993 264 1098 293 cum
1126 248 1406 294 Buttmanni
1432 247 1640 293 editione
1664 262 1774 292 con-

251 325 435 370 tulisset
470 332 524 370 ut
559 342 678 386 saepe
713 327 888 386 aliquid
925 327 1232 372 dubitationis
1266 327 1567 386 relinqueret,
1597 341 1685 386 ego
1721 341 1776 370 ea

249 401 346 460 ipse
388 402 500 447 locis
544 403 753 462 plurimis
795 404 967 449 iterum
1013 405 1226 464 inspexi:
1280 405 1405 449 unde
1448 403 1777 463 supplementa

249 483 359 522 nata
393 484 502 523 sunt
527 495 633 538 quae
668 481 717 524 in
753 481 845 525 fine
880 480 1020 540 hujus
1046 481 1344 525 Praefationis
1381 480 1514 525 dabo.
1586 479 1642 524 In
1672 481 1775 525 uni-

251 569 433 599 versum
465 561 624 600 autem
658 558 945 602 monendum
977 558 1186 601 codicem
1220 571 1313 600 non
1344 571 1399 600 ea
1423 555 1574 600 solum
1600 555 1775 601 scholia

250 632 488 675 continere
524 648 626 691 quae
662 632 908 678 Cramerus
947 634 1122 693 attigit,
1159 633 1238 677 sed
1276 633 1440 677 eadem
1481 632 1638 676 omnia
1673 646 1774 690 quae

247 706 395 752 codex
420 707 761 755 Ambrosianus
781 709 837 763 Q.
859 710 1054 770 praebet,
1075 709 1364 769 paucissimis
1391 708 1602 768 exceptis
1626 709 1774 767 iisque

245 782 523 844 plerumque
571 801 661 830 non
710 792 804 831 tam
860 786 1046 831 scholiis
1088 801 1228 845 quam
1274 785 1581 846 glossematis.
1667 784 1774 830 Nec

245 874 394 919 pauca
427 876 588 906 eorum
622 862 765 908 habet
790 879 896 922 quae
931 878 992 908 ex
1024 879 1117 907 uno
1148 862 1389 922 alteroque
1418 868 1682 906 ceterorum
1720 861 1776 906 li-

245 935 448 990 brorum,
481 953 605 997 saepe
641 940 794 984 minus
821 939 892 985 vel
928 939 1065 998 plene
1090 939 1164 984 vel
1199 945 1328 984 recte
1363 939 1547 997 scripta,
1585 939 1773 984 innotu-

246 1018 392 1057 erant.
463 1013 702 1074 Scriptura
731 1017 917 1069 codicis,
941 1017 1028 1062 etsi
1064 1032 1159 1061 non
1191 1015 1338 1061 libera
1370 1014 1681 1075 singularibus
1706 1016 1773 1060 vi-

245 1088 335 1142 tiis,
371 1089 564 1136 fortasse
590 1107 649 1136 ex
684 1093 935 1151 antiquiori
961 1092 1218 1152 exemplari
1255 1092 1496 1144 traductis,
1530 1091 1772 1136 librarium

244 1166 401 1224 prodit
435 1182 520 1212 nec
556 1168 877 1229 negligentem
916 1185 1067 1228 neque
1107 1169 1392 1229 imperitum,
1430 1174 1478 1212 et
1515 1167 1772 1228 plurimum

244 1243 435 1301 prodest
470 1244 527 1288 ad
566 1244 761 1290 aliorum
799 1246 1011 1291 codicum
1049 1246 1123 1290 vel
1156 1261 1332 1291 errores
1366 1245 1663 1305 corrigendos
1696 1245 1770 1290 vel

246 1318 458 1364 defectus
483 1321 777 1381 supplendos.

321 1396 508 1443 Tertius
544 1400 752 1460 ejusdem
795 1402 979 1460 generis
1021 1401 1172 1446 codex
1209 1407 1281 1446 est
1314 1399 1371 1453 Q.
1403 1398 1770 1445 Mediolanensis

243 1471 550 1519 Bibliothecae
571 1475 892 1522 Ambrosianae
913 1476 1086 1533 (Partis
1111 1477 1360 1536 superioris
1382 1476 1439 1530 Q.
1461 1476 1571 1535 88.),
1589 1476 1769 1521 charta-

242 1564 352 1595 ceus
385 1550 542 1605 seculi,
567 1559 620 1597 ut
646 1554 843 1607 videtur,
871 1555 1022 1612 quarti
1054 1554 1234 1607 decimi,
1261 1569 1319 1598 ex
1346 1568 1437 1612 quo
1471 1553 1697 1612 ampliora
1720 1553 1767 1597 iu

242 1624 496 1685 Odysseam
517 1628 691 1673 scholia
708 1630 886 1689 primus
906 1630 1055 1675 edidit
1073 1629 1133 1674 A.
1152 1629 1312 1674 Maius
1332 1628 1592 1674 Mediolani
1609 1644 1625 1672 1
1638 1628 1663 1673 8
1676 1644 1761 1689 19.⁹

239 1703 441 1761 repetita
469 1704 517 1747 in
547 1705 829 1751 scholiorum
862 1707 1142 1751 collectione
1166 1722 1193 1750 a
1217 1705 1513 1750 Buttmanno
1549 1705 1768 1750 instituta

240 1775 448 1823 Berolini
474 1795 514 1824 a.
539 1780 703 1826 1821.:
742 1783 801 1826 de
831 1782 999 1841 quibus
1036 1783 1179 1841 ipsius
1214 1781 1333 1826 Maii
1359 1781 1499 1826 verba
1530 1781 1652 1825 infra
1687 1797 1767 1840 po-

240 1855 356 1906 saie,
395 1870 452 1900 ex
491 1856 659 1915 quibus
696 1865 889 1917 apparet
927 1860 1204 1918 scripturam
1243 1864 1290 1902 et
1332 1858 1470 1917 hujus
1508 1857 1681 1902 codicis
1717 1863 1766 1901 et

299 2048 314 2067 e
345 2042 532 2078 “Tertius
561 2042 598 2077 in
629 2043 693 2078 fol.
723 2043 842 2079 codex
874 2043 1151 2079 lineus—Part.
1182 2055 1261 2089 sup.
1285 2042 1333 2085 Q.
1360 2042 1579 2078 88.—haud
1612 2043 1764 2091 antiqua

239 2120 352 2143 manu
373 2113 546 2143 exaratus
567 2108 777 2144 universam
799 2108 1009 2157 Odyssean]
1036 2108 1313 2156 pretiosissimis
1334 2113 1371 2143 et
1392 2108 1587 2144 uberrimis
1612 2109 1762 2145 scholiis

238 2172 460 2208 instructam
480 2172 606 2213 habet,
622 2186 702 2220 quae
722 2179 848 2209 tamen
869 2173 1011 2208 scholia
1030 2173 1067 2208 in
1088 2171 1286 2220 postremis
1306 2171 1408 2206 libris
1429 2179 1635 2208 rarescunt.
1685 2173 1763 2209 Hic

239 2237 359 2272 codex
379 2237 425 2272 ab
451 2237 543 2272 Italo
568 2237 718 2272 homine
740 2237 899 2273 Camillo
921 2238 1035 2273 Bosio
1059 2236 1292 2273 bibliothecae
1320 2241 1456 2272 nostrae
1485 2236 1571 2272 olim
1600 2237 1760 2274 donatus

240 2301 373 2337 Graeca
398 2301 639 2337 nihilominus
669 2315 783 2337 manu
807 2302 886 2337 sine
913 2302 1024 2337 dubio
1052 2301 1212 2350 scriptus
1235 2301 1316 2336 fuit.
1376 2299 1523 2348 Singuli
1546 2314 1632 2337 vero
1658 2303 1759 2338 codi-

238 2378 323 2401 cum
352 2366 485 2401 horum
511 2367 710 2414 scriptores
741 2367 830 2402 satis
855 2366 1062 2401 difficilibus
1092 2365 1298 2401 litterarum
1329 2365 1558 2411 compendiis
1586 2366 1759 2403 delectati

238 2431 422 2466 videntur.
479 2431 565 2466 Jam
593 2443 664 2479 ego
692 2431 738 2466 ad
761 2431 840 2466 haec
867 2430 1008 2466 scholia
1035 2429 1278 2465 exscribenda
1302 2441 1367 2464 seu
1391 2429 1533 2476 prolixa
1557 2442 1622 2465 seu
1646 2431 1756 2466 etiam

238 2500 442 2535 contracta,
477 2508 546 2531 nec
579 2508 655 2530 non
689 2495 736 2530 ad
769 2495 915 2542 glossas
946 2494 1113 2529 versibus
1147 2493 1360 2540 interjectas
1396 2493 1595 2540 diligenter
1628 2507 1755 2530 excer-

238 2559 390 2606 pendas,
419 2559 575 2606 patienti
604 2559 851 2606 complurium
881 2557 1064 2593 mensium
1095 2569 1205 2604 opera
1236 2556 1411 2592 incubui:
1442 2569 1562 2604 neque
1590 2570 1678 2594 sane
1702 2559 1754 2594 la-

237 2623 306 2658 bor
330 2623 498 2658 modicus
521 2623 590 2659 fuit
613 2623 725 2658 trium
752 2622 921 2657 codicum
946 2627 1069 2668 partes
1096 2620 1133 2655 in
1158 2633 1272 2655 unum
1294 2620 1468 2656 volumen
1497 2624 1754 2670 compingere,

237 2700 304 2723 sua
327 2688 499 2734 quodque
525 2687 706 2723 scholium
732 2687 819 2722 sede
849 2686 1042 2725 collocare,
1064 2685 1403 2732 interpunctionem
1434 2686 1652 2733 adjungere,
1674 2687 1754 2722 lau-

237 2751 356 2794 datos,
384 2751 589 2799 praesertim
614 2750 785 2791 Homeri,
810 2750 912 2785 locos
942 2750 986 2784 ab
1016 2749 1219 2784 innumeris
1249 2749 1392 2784 mendis
1422 2762 1594 2797 purgare,
1617 2751 1751 2786 Eusta-

236 2815 355 2851 thium
377 2821 413 2850 et
434 2815 577 2850 minora
604 2814 703 2850 edita
731 2813 870 2849 scholia
896 2826 962 2859 pro
990 2826 1028 2848 re
1055 2819 1141 2848 nata
1169 2813 1374 2853 consulere,
1396 2813 1565 2860 plagulas
1587 2815 1752 2861 quotidie

236 2879 446 2917 emendare.
468 2878 566 2925 typis
586 2878 736 2916 instare,
758 2877 809 2912 sic
833 2877 957 2912 omnia
985 2877 1141 2923 denique
1170 2877 1353 2912 moderari
1375 2883 1414 2912 ut
1436 2890 1544 2924 quam
1573 2878 1751 2915 citissima

236 2942 348 2977 editio
369 2948 405 2977 et
426 2942 644 2989 politissima
664 2941 877 2976 evaderet.''
