1907 3270
198 118 246 161 lii
749 109 1163 157 PRAEFATIO.

267 232 319 276 P.
355 234 447 282 182,
483 245 548 287 27.
593 225 793 290 θηλάζειν
834 225 944 283 ἀπὸ]
997 224 1053 271 τὸ
1096 227 1253 277 θῆσθαι
1302 224 1467 283 ’γίνεται
1511 221 1599 267 ἀπὸ
1643 221 1721 274 Η.,

200 309 368 352 omisso
403 310 482 351 τοῦ
517 305 814 358 σημαίνοντος.
978 306 1045 348 28.
1081 300 1137 347 τὸ
1175 298 1549 365 θηλάσαι-εῗπεν
1578 298 1722 344 habet

198 385 340 429 etiam
370 383 432 427 H.
612 372 614 374 ’

266 461 319 504 Ρ.
344 464 435 518 183,
461 477 500 518 3.
520 476 561 515 4.
590 457 751 503 Habet
778 456 840 502 H.
867 463 972 517 post
996 469 1052 514 5.,
1079 455 1272 514 praefixo
1297 451 1459 501 ἄλλως.
1656 468 1721 495 11.

197 534 252 580 τὸ
279 535 321 579 δὲ
346 537 486 580 etiam
518 535 580 579 H.
819 551 884 592 13.
912 534 1050 588 οὗτοι]
1085 532 1161 576 Sic
1189 530 1252 574 H.
1482 531 1546 571 18.
1573 527 1630 571 In
1656 526 1720 572 H.

199 612 437 671 pl'aefixum
465 610 623 657 ἄλλως.
660 612 711 658 ὡς
736 611 853 654 οὗτοι
882 610 1056 670 χαίρων.

267 688 319 733 P.
346 692 439 744 184,
462 694 500 733 8.
526 686 600 743 τὸ]
634 687 796 732 Scribe
821 686 889 730 ὅτι
916 683 970 730 τὸ
997 701 1055 729 ex
1083 683 1146 727 H.
1441 686 1506 726 26.
1533 680 1716 735 ὤναντο]

198 764 338 809 ὤνατο
368 764 429 808 H.

269 842 319 886 P.
352 846 442 899 185,
469 858 508 898 3.
548 838 744 901 φράσας]
789 840 940 884 Recte
976 835 1127 899 φάσας
1170 835 1235 881 Η.
1274 836 1496 894 idemque
1531 838 1723 878 fortasse

200 924 271 962 cst
297 918 342 961 in
369 917 426 970 Q.
670 921 709 960 6.
737 915 880 964 ἄλλως
904 915 1152 974 praefixum
1178 914 1224 956 in
1253 911 1317 956 H.
1567 928 1606 967 9.
1634 909 1724 953 νέον

201 1011 291 1040 om.
320 994 383 1039 H.
584 994 810 1050 τουτέστι]
841 991 919 1037 τὸν
946 991 1010 1035 Η.
1218 1007 1283 1034 10.
1309 986 1443 1050 πρὸς]
1475 986 1564 1031 ἀπὸ
1592 986 1655 1031 Η.

268 1071 319 1115 P.
346 1074 439 1127 187,
461 1085 611 1128 5.—-7.
641 1069 801 1114 Habet
828 1068 907 1122 Η.,
933 1068 1102 1112 omisso
1129 1065 1186 1110 δέ.
1368 1082 1432 1123 13.
1458 1065 1538 1109 Ad
1565 1080 1604 1107 v.
1629 1069 1722 1122 136.

202 1147 409 1206 (κλισμῷ)
447 1148 494 1190 in
534 1145 596 1189 H.
653 1146 699 1198 ἢν
735 1144 817 1189 ἅνω
861 1147 921 1204 (V.
954 1148 1070 1202 123.)
1106 1143 1274 1194 κλισίην
1313 1140 1418 1194 εἷπε,
1456 1144 1616 1185 τοῦτον
1659 1143 1724 1184 νῦν

199 1221 385 1275 κλισμὸν
420 1228 554 1266 καλεῖ.
601 1223 697 1266 ἔστι
737 1220 779 1265 δὲ
816 1220 966 1282 Θρόνος
1003 1217 1287 1280 ἀνάκλιντρον
1313 1218 1518 1279 ἔχωντ-
1586 1215 1722 1261 Conf.

200 1315 243 1359 p.
273 1304 366 1353 186,
388 1317 428 1357 3.
636 1313 699 1354 17.
726 1297 1082 1341 οὔπω-ἐοικότα
1107 1295 1246 1339 habet
1276 1293 1339 1337 H.

270 1376 321 1419 P.
347 1380 438 1427 188,
460 1392 495 1418 1.
521 1377 698 1429 τοῦτον]
730 1377 865 1418 τοῦτο
894 1372 957 1416 H.
1109 1389 1149 1430 3.
1169 1371 1370 1426 ”Αλλως]
1401 1370 1467 1413 καὶ
1494 1368 1638 1417 ἄλλως
1659 1368 1724 1413 H.

203 1470 243 1510 9.
271 1451 555 1513 ἐμφαίνονται
576 1451 719 1495 etiam
746 1449 809 1494 H.
938 1466 1004 1495 20.
1031 1450 1077 1493 αἶ
1100 1454 1147 1493 et
1174 1465 1240 1493 21.
1267 1446 1310 1492 δὲ
1334 1462 1425 1491 om.
1454 1445 1516 1490 H.
1655 1461 1724 1491 21.

201 1528 331 1572 ’πέντε
355 1528 506 1588 στίχοι
532 1527 673 1571 etiam
702 1525 765 1569 H.

269 1603 321 1647 P.
347 1608 438 1660 189,
462 1618 498 1660 7.
537 1600 673 1657 ὀΐετο]
718 1601 773 1645 In
814 1600 877 1643 H.
912 1617 1003 1645 non
1035 1601 1144 1652 ἵετο,
1180 1601 1260 1645 scd
1295 1599 1426 1651 οἴετο,
1457 1613 1724 1658 quanquam

202 1679 336 1724 litera
359 1680 509 1738 prima
533 1694 624 1722 non
651 1678 760 1721 satis
785 1677 920 1721 clara.
1184 1693 1247 1721 12.
1272 1675 1380 1724 τινὲς
1405 1682 1510 1735 post
1534 1676 1633 1727 ἦθος
1659 1674 1724 1718 Η.

207 1761 271 1799 16.
298 1751 546 1816 ἐμφανίζειν
573 1755 716 1798 etiam
745 1752 808 1796 H.

269 1830 322 1874 P.
349 1847 442 1888 193,
471 1846 536 1875 21.
564 1828 832 1887 ἐπαγόμενος
859 1827 921 1872 Η.
948 1834 1001 1871 ut
1025 1843 1112 1887 ego
1137 1827 1310 1886 scripsi,
1336 1842 1429 1871 non
1454 1826 1683 1886 ἀγόμενος.

270 1906 322 1950 Ρ.
350 1923 441 1963 194,
461 1920 499 1962 7.
525 1905 746 1959 ἀνώτατα]
778 1901 984 1947 ἀνωτάτω
1012 1901 1070 1944 H.
1100 1908 1241 1945 recte.
1530 1919 1595 1960 19.
1621 1903 1728 1946 ὑπο-

201 1982 423 2038 στικτέον]
453 1981 724 2025 ὑπο-τακτέον
751 1979 816 2022 Η.

269 2057 322 2103 Ρ.
344 2075 437 2116 195.
464 2063 622 2102 annot.
653 2056 740 2101 col.
766 2073 801 2100 1.
874 2054 1075 2099 Numeri
1107 2054 1255 2097 tertiae
1280 2060 1548 2111 quartaeque
1582 2069 1727 2099 anno-

202 2136 370 2180 tationi
396 2134 573 2193 praefixi
600 2137 642 2177 8.
668 2140 717 2177 ot
743 2150 781 2191 9.
807 2137 1054 2176 mutentur
1077 2131 1123 2174 in
1151 2147 1189 2188 9.
1216 2136 1264 2173 et
1293 2147 1355 2187 13.

270 2211 324 2255 P.
346 2215 439 2268 196,
462 2227 496 2255 1.
519 2208 846 2270 Ἀρίσταρχος]
879 2206 1189 2251 Scholiastam
1216 2221 1366 2250 errare
1392 2205 1535 2250 videri
1562 2213 1725 2250 monet

208 2287 440 2333 Schmidt.
461 2287 519 2331 ad
538 2285 730 2345 Didymi
747 2284 932 2344 Fragm.
949 2299 993 2342 p.
1017 2299 1108 2340 192.
1149 2282 1367 2326 Paeoncm
1388 2288 1435 2326 et
1450 2280 1725 2339 Apollinem

205 2364 395 2409 eosdem
420 2378 520 2407 esse
547 2361 822 2406 Zenodotus
850 2359 1075 2405 Mallotes
1111 2359 1328 2418 opinatus
1361 2364 1472 2409 erat,
1503 2364 1557 2401 ut
1582 2373 1726 2402 anno-

203 2440 321 2482 tavit
358 2439 499 2482 schol.
535 2438 695 2482 Iliadis
720 2437 778 2489 O,
807 2442 904 2483 262.
938 2443 986 2480 ct
1023 2434 1236 2479 Eustath.
1262 2450 1305 2493 p.
1330 2451 1451 2489 1014,
1473 2439 1539 2478 60.
1613 2433 1725 2478 Non

204 2529 303 2558 esse
329 2514 516 2558 eosdem
542 2513 815 2558 Aristarcho
845 2520 1142 2572 perspectum
1167 2510 1308 2555 fuisse
1333 2525 1391 2554 ex
1418 2510 1560 2554 schol.
1588 2510 1643 2555 Il.
1663 2509 1723 2563 A,

203 2605 302 2648 473.
330 2587 387 2642 Ε,
416 2592 511 2646 898.
538 2589 787 2647 colligitur.

271 2664 325 2708 P.
354 2679 444 2722 197,
473 2680 539 2719 24.
582 2665 605 2707 ὁ
648 2662 855 2719 κυκλικός]
902 2665 948 2708 οὐ
989 2664 1178 2712 κυκλικὸς
1221 2663 1285 2707 Η.
1324 2661 1635 2721 superscripto
1674 2663 1725 2707 ὣς

205 2740 254 2797 (i.
275 2755 317 2784 e.
342 2742 571 2798 κυκλικῶς).
799 2744 866 2785 26.
891 2739 1141 2796 Ὀδυσσεὺς]
1174 2740 1336 2785 Scribe
1360 2738 1383 2781 ὁ
1410 2735 1640 2783 Ὀδυσσεὺς
1664 2751 1725 2781 ex

208 2815 334 2869 HQ.

273 2891 326 2936 P.
356 2907 451 2943 201,
470 2908 510 2948 3.
539 2889 644 2935 Hoc
670 2890 878 2935 scholion
906 2890 967 2935 H.
994 2892 1135 2936 habet
1160 2899 1264 2949 post
1289 2888 1424 2951 φησὶν
1450 2903 1544 2940 202,
1571 2892 1610 2931 8.

273 2965 326 3010 Ρ.
346 2983 440 3024 203.
467 2966 661 3027 νεωτέρα.
682 2965 1199 3019 τεταμένον-τετάσθαι
1219 2964 1297 3010 τὸν
1314 2964 1483 3008 πέπλον
1499 2964 1641 3009 habet
1659 2963 1722 3007 H.
