1907 3270
187 110 270 155 ]xii
744 106 1155 153 PR-AEFATIO.

183 234 362 287 ποιητὴς
387 232 564 296 ἄρρενας
586 231 662 286 μὲν
687 231 803 280 Θεοὺς
829 233 1016 285 Θηλειάις
1042 231 1248 277 οὐδέποτε
1272 230 1438 295 εἰκάζει,
1466 232 1636 284 Θηλείας
1666 230 1709 275 δὲ

185 309 361 372 ἄρρεσιν
382 326 460 354 :——

253 387 304 430 P.
331 400 428 444 571,
451 391 489 430 6.
523 386 795 447 πρόσωνται]
827 388 1113 447 παρώσωνται
1141 385 1265 431 ΟᾸῙ.
1293 400 1385 430 non
1411 387 1708 445 παρήσωνται,

184 463 307 522 quod
333 469 402 507 est
428 464 472 506 in
501 463 784 507 editionibus
810 462 1168 508 Basileensibus.
1308 479 1374 521 23.
1401 462 1622 520 ἐγκλιτικὴ
1644 461 1707 506 Η.

183 545 237 583 ut
263 554 365 599 ego,
391 553 483 583 non
511 538 737 597 ἐγκλιτέον
761 545 816 583 ut
840 540 962 598 apud
990 539 1277 583 Cramerum.

250 614 303 659 Ρ.
328 629 426 672 572,
458 631 519 672 15.
564 615 876 675 εὖεπήραστον]
927 615 1124 660 Rectam
1168 616 1443 674 scripturam
1487 614 1710 674 εὐεπηρέα-

183 711 293 735 στον
318 692 448 750 posui
475 692 522 735 in
549 690 712 736 Indice
738 707 779 750 p.
803 696 898 734 820.

251 767 304 810 P.
330 780 428 824 574,
459 785 493 811 1.
534 766 648 811 Haec
674 775 905 826 corrupta.

252 843 304 886 P.
329 849 426 901 576,
459 857 522 899 17.
561 844 616 887 In
643 843 708 888 H.
736 843 908 888 lemnia
933 842 1088 903 ξανθὰς
1116 842 1149 887 δ’
1176 844 1218 886 ἐκ
1244 846 1448 903 κεφαλῆς.

254 919 304 963 Ρ.
324 934 421 978 577,
447 938 487 975 4.
523 919 545 971 ἶν’]
572 921 621 967 ὡς
646 919 698 964 σὺ
723 923 870 977 σαυτῷ
893 920 1058 975 εὐνοεῖς]
1102 919 1124 970 3¹]
1158 920 1208 966 ὡς
1239 919 1279 967 ὗς
1305 919 1418 975 αὐτῷ
1443 921 1619 971 συνήθης
1646 918 1707 963 H.

187 1010 252 1052 15.
290 996 529 1056 ἀπήγξατο
547 995 685 1041 t—-O,
722 996 925 1055 reliquis,
950 995 1216 1056 Ἀρέθουσαι
1252 995 1368 1051 (Sine
1401 993 1462 1053 δὲ)
1496 996 1709 1057 τέσσαρες

185 1070 399 1132 -πἸΘάκῃ
424 1087 451 1117 a
475 1087 537 1116 111.
563 1073 822 1117 recentiore
847 1073 1103 1132 adscriptis.

251 1148 303 1192 P.
329 1154 427 1206 578,
456 1165 524 1194 21.
560 1150 623 1206 τῷ
647 1150 834 1211 ὑφορβῷ
860 1165 949 1194 oni.
977 1150 1032 1194 O.

253 1225 306 1268 P.
331 1230 430 1282 586,
461 1243 496 1270 1.
523 1224 584 1282 δὲ]
617 1225 665 1278 δὴ
692 1225 754 1270 Η.

252 1301 303 1345 Ρ.
328 1305 428 1358 588,
467 1318 529 1347 12.
575 1303 632 1346 In
671 1302 895 1347 lemmate
940 1302 1256 1347 annotationis
1304 1318 1417 1346 meae
1459 1302 1708 1361 typothcta

185 1376 387 1440 Κάστρῶ
414 1380 568 1439 posuit
586 1396 669 1439 pro
696 1377 909 1440 Κάστῶρ.

251 1455 303 1499 Ρ.
329 1472 424 1513 590,
455 1473 521 1513 29.
559 1456 616 1500 In
649 1457 952 1500 annotatione
987 1456 1032 1499 in
1061 1455 1337 1514 Appendice
1372 1456 1521 1514 posita
1550 1471 1589 1513 p.
1612 1461 1708 1513 791‘.

191 1529 258 1575 δια
286 1531 431 1576 literis
456 1532 629 1577 Graecis
654 1547 877 1576 excusum
907 1547 987 1591 pro
1013 1531 1192 1576 Latinis
1218 1531 1309 1575 clia.

251 1607 303 1651 P.
327 1624 424 1665 592,
449 1625 486 1653 2.
513 1607 607 1651 οὐδὲ
631 1610 859 1670 χρήματα]
892 1609 1074 1660 αἰτήσας
1099 1608 1229 1652 addit
1255 1608 1484 1652 Stl'uvius.
1645 1625 1707 1665 19.

185 1681 340 1747 νέμων]
371 1684 616 1736 κατανέμων
642 1684 762 1729 O.V.

251 1761 303 1804 Ρ.
329 1775 429 1819 597,
454 1775 494 1818 5.
533 1761 590 1805 In
618 1759 681 1805 H.
714 1758 974 1806 καταπάσας
999 1759 1120 1813 αὐτὰ,
1148 1761 1189 1803 οἱ
1221 1759 1277 1810 δὲ,
1302 1757 1710 1822 μάζας-καταπά-

185 1857 264 1885 σας
301 1835 410 1882 αὕτὰ
448 1838 513 1894 τῷ
553 1837 715 1898 ἀλεύρῳ
733 1837 1005 1884 ῖ-παλύνας
1054 1836 1251 1897 ἀλφίτου
1292 1836 1449 1887 ἆκτήνζ
1492 1833 1710 1884 ἐπιπάσας

184 1914 251 1957 ἰ’να
283 1913 350 1957 καὶ
393 1914 437 1956 ἐκ
477 1917 557 1957 τοῦ
604 1912 904 1973 ἅρτου-τῶν
953 1912 1163 1972 ἀπαρχῶν
1181 1911 1334 1956 ζ--Εῖ
1380 1912 1440 1971 gi.
1483 1913 1546 1968 τῷ
1592 1911 1710 1972 δώρῳ

188 1991 318 2047 ἤγουν
341 1989 404 2045 τῷ
429 1988 550 2045 σι’τῳ.

255 2065 307 2109 Ρ.
333 2070 432 2122 598,
453 2081 518 2109 12.
538 2063 790 2115 ἦλιΘοποιός
809 2063 929 2108 male
950 2078 1173 2107 excusum
1194 2079 1274 2122 pro
1292 2063 1708 2121 ›Jktffiom-ozo'mquod

187 2142 394 2186 restituit
432 2141 660 2185 Struvius.
732 2140 785 2183 In
826 2139 986 2183 Indice
1023 2155 1064 2198 p.
1092 2143 1188 2185 822.
1214 2139 1243 2182 l.
1267 2156 1328 2195 19.
1353 2154 1435 2198 pro
1473 2141 1711 2199 “ἡλιΘοερ-

187 2217 458 2277 70'9—464‚”
476 2233 582 2276 quae
603 2233 662 2261 ex
682 2217 958 2260 Buttmanni
981 2217 1187 2260 editione
1206 2223 1541 2268 remanserunt,
1561 2217 1709 2260 scribe

187 2302 212 2320 “
227 2295 497 2347 ἦλιθιοποιός
521 2298 620 2352 598,
641 2294 731 2339 12.’'

258 2372 310 2415 P.
337 2376 434 2422 601,
464 2376 527 2414 16.
559 2385 622 2426 17.
662 2369 717 2413 In
744 2368 801 2414 O.
828 2384 853 2413 a
878 2384 939 2412 m.
967 2369 1115 2428 prima
1139 2368 1253 2411 nihil
1279 2375 1346 2412 est
1380 2374 1547 2426 practer
1576 2387 1710 2428 παρε-

186 2448 391 2491 κέσκετοε
430 2446 674 2507 παρέκειτο.
747 2445 1002 2490 Recentior
1025 2452 1259 2489 corrector
1294 2444 1466 2488 lemma
1496 2445 1542 2487 in
1575 2463 1710 2504 παρε-

191 2524 377 2584 χέσκετο
414 2523 614 2566 mutavit
649 2529 698 2565 et>
729 2521 997 2581 glossemati
1034 2520 1263 2580 παρέκειτο
1297 2520 1415 2564 hane
1447 2521 1709 2564 annotatio-

188 2615 298 2645 nem
325 2600 579 2649 substituit,
605 2604 788 2659 παρεῖχε
811 2595 889 2645 τὰς
915 2595 1104 2651 ἀμοιβὰς
1127 2597 1193 2640 καὶ
1220 2595 1480 2654 ἐναλλαγάς.
1523 2595 1545 2647 3¹7
1575 2615 1709 2655 παρε-

188 2675 366 2719 κέσκετο
386 2674 642 2734 παρέκειτοε
679 2672 881 2728 ἀμοιβὰς,
919 2671 1030 2720 άδος.
1068 2672 1421 2727 ἐναλλασσομένη
1439 2669 1707 2726 Ζ--ἀμοιβάς

189 2766 282 2795 non
320 2765 403 2809 pro
439 2751 702 2794 accusativo
739 2749 926 2808 pluralis
965 2749 1143 2801 habuit,
1181 2749 1260 2793 sed
1300 2764 1380 2806 pro
1418 2748 1705 2792 nominativo

190 2825 447 2885 singularis,
484 2823 671 2879 ἀμοιβὰς
708 2822 947 2879 ἁμοιβάδος
983 2830 1071 2869 etc.
1103 2824 1392 2875 declinando,
1419 2823 1540 2881 quod
1577 2824 1707 2882 geni-

190 2903 273 2946 tivi
300 2902 628 2946 terminatione
665 2899 763 2949 άδος
799 2902 1042 2961 significat,
1076 2915 1133 2944 ex
1168 2916 1257 2958 qua
1294 2899 1597 2958 interpolator
1621 2898 1706 2943 Al-
