1907 3270
709 135 1117 184 PRAEFATIO.
1558 143 1672 186 xxix

153 253 231 294 τοῦ
255 248 356 312 παρ’
373 252 508 295 αὐτῶν
533 252 672 299 αι’τίας
692 253 794 309 (Sic)
812 253 871 297 D.
1010 261 1047 298 6.
1075 254 1196 298 αὐτοὶ
1219 253 1672 316 γὰρ-ἀσεβήσαντες

153 341 242 370 0111.
270 327 327 370 D.
355 328 452 370 sine
478 327 655 371 lacuna.
728 328 843 380 Quae
863 329 909 372 iu
932 328 994 372 ΙΙ.
1012 337 1083 374 est
1104 330 1267 375 lacuna
1286 338 1387 390 post
1405 332 1671 392 σφετέρῃσιν

151 403 320 460 partim
337 402 567 461 explenda
584 404 735 448 verbis
751 404 1072 463 ἀτασθαλίῃσιν
1088 405 1264 450 ὄλοντο.
1376 423 1413 464 7.
1431 407 1582 469 ἔδειξεν
1603 409 1671 453 H.

150 477 336 540 ἐδίδαξεν
361 479 420 524 D.
574 498 612 537 9.
641 480 878 525 Lacunam
905 497 1005 539 quae
1030 489 1100 526 est
1126 484 1171 526 in
1199 482 1261 527 H.
1289 484 1409 528 inter
1433 486 1485 528 ὦν
1510 492 1558 529 et
1583 483 1670 534 οἷος

150 555 331 613 explevi
360 556 500 599 verbo
524 562 708 617 κρατεῖν,
734 557 858 615 quod
885 564 955 601 est
980 558 1025 601 in
1054 557 1113 601 D.
1307 576 1369 605 11.
1396 559 1465 621 ἐφ’
1492 561 1665 620 ἑαυτοῦ]

149 630 213 672 ἐπ’
241 631 371 674 αὑτοῦ
394 631 451 675 D.
623 630 687 675 ἐπ’
714 631 853 676 ἄλλοι)
877 633 899 676 ὁ
926 632 1159 681 σπουδαῖος
1185 634 1243 678 D.
1282 635 1351 678 ἐπὶ
1377 640 1511 679 καλοῦ
1534 658 1671 681 σπου-

149 704 264 754 δαῖος
290 707 351 751 ΓΙ.
560 725 623 753 12.
651 709 792 753 αἰτίαν
823 709 881 754 D.
911 744 918 752 .
947 746 955 754 .
983 730 1031 753 αν
1058 709 1122 754 Ῑ·Ῑ.
1302 712 1376 772 ἐφ’
1401 712 1572 772 ἑαυτοῦ]
1602 714 1666 756 ἐπ’

148 783 279 826 αὑτοῦ
302 783 361 828 D.
507 801 567 842 13.
593 784 944 846 περιγενόμενος]
967 786 1289 847 περιγινόμενος
1316 787 1360 831 D
1513 789 1585 849 ἐφ’
1608 789 1665 834 D.

147 857 229 921 ἀφ’
256 860 320 904 Η.
466 878 525 916 14.
552 865 626 911 τῆς
651 862 921 922 φρονήσεως]
951 863 993 905 ἐκ
1019 864 1265 924 φρονήσεως
1291 864 1349 907 D.
1491 870 1555 907 16.
1586 864 1667 909 ἅλ-

147 937 500 999 Ύεα-ἑται’ρων]
529 938 671 995 ἄλγεα
696 938 763 981 καὶ
789 936 846 982 τὰ
872 939 962 999 ἑξῆς
986 939 1046 983 D.
1188 944 1252 983 18.
1278 946 1370 988 τοῖς
1395 939 1586 989 δυνατοῖς
1606 941 1664 987 D.

146 1019 238 1061 τοῖς
263 1029 352 1057 om.
383 1013 443 1058 ῘῙ.
646 1021 738 1062 τοῖς
762 1015 819 1066 μὴ
844 1013 948 1076 παρ’
975 1017 1080 1067 ἡμᾶς
1112 1016 1290 1077 αι’τίοις]
1324 1020 1398 1067 τῆς
1430 1016 1534 1078 παρ’
1559 1020 1665 1069 ἡμᾶς

145 1090 285 1136 αἰτίας
318 1090 378 1133 D.
589 1108 650 1148 19·
685 1090 821 1143 μόνων
855 1091 1071 1152 ὀρεκτικὸς
1095 1092 1156 1136 D·
1204 1092 1420 1154 όΡΕΚΤίΚός
1444 1093 1574 1145 μόνον
1601 1094 1662 1139 ΙἸ.

147 1182 213 1210 22.
250 1167 334 1208 τῶν
365 1166 516 1226 ἔξωθεν
543 1166 602 1210 D.
651 1169 735 1210 τῶν
767 1182 858 1211 om.
887 1167 950 1211 H.
1121 1167 1282 1213 Verba
1314 1167 1485 1212 πάντων
1509 1170 1663 1230 κύριον,

144 1239 247 1284 ἀλλ’
284 1240 338 1286 ὢν
378 1241 453 1294 μὲν
492 1241 547 1286 τὸ
585 1243 658 1303 ἐφ’
697 1245 791 1295 ἡμῖν
832 1245 877 1287 in
927 1243 989 1289 H.
1030 1245 1197 1288 omissa
1238 1245 1446 1304 supplevi
1495 1261 1553 1290 ex
1603 1245 1662 1289 D.

146 1335 211 1376 23·
238 1321 321 1363 Τῶν
347 1316 540 1363 θανάΤωὶ]
564 1320 625 1364 D·
672 1322 756 1363 ’Τῶν
779 1318 855 1371 μὲν
880 1317 1073 1364 Θανάτωὶ]
1099 1320 1161 1364 Η.
1356 1338 1421 1376 24·
1449 1320 1500 1365 δι’
1525 1323 1665 1370 αἰτίας

142 1396 318 1457 ἔξωθεν]
352 1394 402 1440 δι’
426 1397 578 1457 ἔξωθεν
610 1396 749 1444 αι’τίας
776 1396 834 1440 D.
1039 1413 1104 1455 25.
1143 1396 1285 1444 ἀνοίας
1320 1401 1393 1448 τῆς
1430 1399 1661 1460 ἡμετέρας]

143 1472 348 1533 ἡμετέρας
373 1473 515 1520 ἀνοίας
540 1471 599 1517 D.
771 1478 840 1518 26.
867 1472 1116 1532 ἠρτημένοι]
1145 1473 1369 1535 ἠρτημένοι
1397 1473 1440 1518 δὲ
1464 1475 1523 1519 D.

211 1549 263 1593 P.
286 1564 349 1606 17,
376 1567 439 1593 10.
465 1550 512 1593 οὐ
537 1570 581 1593 σ.
608 1548 662 1593 τὸ
684 1551 719 1593 ὑ.
743 1569 788 1601 μ.
814 1557 862 1594 et
887 1548 930 1593 δὲ
954 1566 1044 1594 om.
1071 1552 1212 1594 etiam
1242 1550 1304 1595 H.
1507 1568 1569 1596 11.
1594 1551 1659 1595 καὶ

141 1624 193 1669 σὺ
213 1627 354 1670 etiam
376 1625 439 1670 H.
617 1641 685 1670 20.
711 1624 732 1675 ’ἦ
758 1624 1043 1668 ἐπὶ-ἄλλων
1067 1627 1186 1680 Θεῶν]
1220 1624 1331 1669 Non
1356 1626 1534 1670 omittit
1560 1626 1660 1670 haee

141 1703 282 1747 verba
306 1703 370 1746 H.

209 1779 262 1823 P.
301 1784 360 1832 18,
406 1797 437 1823 ῐ.
485 1777 768 1841 πέμψαντες]
824 1778 900 1822 Sic
948 1780 1089 1823 etiam
1141 1778 1217 1830 H„
1266 1793 1358 1822 nOll
1406 1777 1660 1837 ’πέμψαν-πε.

140 1873 180 1910 4.
212 1855 408 1900 Brevius
433 1856 555 1914 quod
595 1856 641 1899 iu
672 1855 974 1899 annotatione
1012 1870 1070 1898 ex
1104 1854 1162 1898 V.
1188 1855 1315 1912 posui
1351 1854 1554 1899 scholion
1590 1862 1660 1899 est

141 1932 282 1976 etiam
318 1932 366 1974 in
404 1930 468 1976 H.
671 1948 710 1989 9.
749 1930 804 1974 In
843 1929 1080 1991 ὃιακτορεῐν
1112 1945 1219 1974 cum
1256 1930 1315 1973 E.
1342 1932 1572 1974 consentit
1599 1930 1659 1974 D.

142 2024 211 2052 20.
262 2007 317 2051 In
365 2008 412 2052 S.
462 2022 553 2052 non
595 2009 807 2058 κατῆλθεν
850 2013 902 2051 ut
940 2005 1188 2051 Cramerus
1229 2007 1306 2058 ait,
1349 2007 1427 2051 sed
1476 2007 1662 2051 ἐντεῦθεν

138 2086 363 2135 μετῆλθεν.

208 2159 260 2206 Ρ.
286 2178 350 2219 19,
375 2166 415 2204 6.
441 2159 623 2222 ὃράκειν]
656 2159 794 2222 δρακῶ
818 2161 942 2219 apud
968 2158 1291 2219 Porphyrium.
1365 2158 1521 2203 Hodie
1551 2160 1661 2203 satis

140 2244 322 2283 constat
347 2238 484 2296 hujus
507 2238 667 2282 formae
693 2237 841 2282 solum
867 2242 1051 2280 exstare
1075 2237 1296 2280 aoristum
1322 2233 1498 2296 ἔδρακον
1523 2233 1661 2297 ὃράκω

139 2313 304 2375 δρακεῖν
329 2313 502 2375 δρακών.
708 2329 746 2370 7.
773 2314 908 2357 αὐτῶν
933 2328 992 2357 ex
1020 2312 1275 2371 Porphyrio
1301 2312 1479 2356 correxi
1504 2327 1587 2370 pro
1613 2309 1662 2354 αὖ

139 2394 226 2440 τῆς.
406 2408 468 2448 19.
496 2392 656 2449 ’γλήνεα
684 2389 760 2442 Η.,
787 2405 879 2434 nOn
904 2388 962 2434 τὰ
986 2390 1162 2447 γλήνεα.

207 2468 261 2512 Ρ.
285 2485 350 2520 20,
374 2484 410 2513 2.
437 2466 615 2528 ἥμερον]
646 2468 723 2512 Sic
749 2468 902 2526 potius
928 2467 992 2510 H.
1019 2481 1156 2525 quam
1184 2465 1206 2508 ὃ
1230 2465 1370 2526 μέρος,
1395 2465 1520 2523 quod
1547 2465 1660 2524 legit

139 2544 400 2590 Cramerus.
537 2544 781 2606 ἄνθρωπος]
814 2543 921 2587 ἀνοσ
946 2543 1054 2586 ἀνοσ
1079 2543 1149 2587 bis
1172 2541 1235 2587 H.
1261 2541 1408 2586 altero
1434 2542 1480 2584 in
1507 2542 1659 2600 priori,

138 2621 285 2666 altero
309 2622 357 2665 iu
383 2622 624 2680 posteriori
651 2636 784 2665 versu
810 2620 994 2679 scripto,
1189 2634 1229 2676 5.
1256 2618 1495 2679 ἀρχομένης
1522 2617 1585 2661 Η.
1612 2624 1660 2661 et

139 2697 438 2757 Porphyrius,
460 2713 551 2741 non
576 2696 829 2757 ἀρχόμενος,
847 2696 969 2754 quod
995 2696 1151 2754 posuit
1175 2693 1436 2739 Cramerus.
1596 2710 1658 2747 14.

137 2771 398 2836 μεταφορὰν
425 2773 720 2832 Porphyrius.
761 2769 906 2834 φορὰν
933 2772 995 2816 Η.
1176 2788 1240 2828 19.
1266 2772 1483 2832 ὀρχήσεως
1508 2768 1659 2812 συντό-

140 2871 208 2894 νου
232 2866 323 2895 non
349 2851 498 2895 solum
528 2850 824 2910 Porphyrius,
844 2849 924 2894 sed
950 2850 1091 2893 etiam
1120 2848 1182 2891 H.
1209 2863 1268 2892 ex
1293 2863 1384 2906 quo
1411 2846 1656 2890 Cramerus
