1907 3270
682 152 1091 198 PRAEFATIO.
1501 155 1649 199 xxxix

120 285 261 330 quam
291 268 483 315 consilio
515 275 698 313 servata
729 284 828 314 esse
856 271 1112 315 videantur.
1186 272 1309 316 Nam
1335 272 1536 316 defuisse
1570 270 1650 316 illa

120 347 168 391 in
194 347 339 392 veteri
365 346 524 391 codice
549 361 609 391 ex
634 361 726 404 quo
761 347 1079 406 apographum
1105 347 1334 393 Aldinum
1370 348 1546 394 factum
1579 353 1650 393 est

121 424 275 469 minus
307 422 546 483 probabile
573 423 772 468 videtur.
978 438 1015 480 7.
1042 424 1119 469 Ad
1147 440 1331 469 versum
1362 442 1396 470 1.
1424 426 1515 469 duo
1541 431 1650 469 sunt

121 502 170 545 in
198 501 246 546 S.
281 501 469 553 scholia,
506 500 706 545 alterum
747 508 852 560 post
893 500 1097 545 ὑπόθεσιν
1124 501 1201 546 fol.
1225 500 1342 561 2131),
1379 502 1590 563 ἠριγένεια
1627 503 1650 552 ἦ

121 578 212 639 ἧρϊν
238 580 443 636 γεννῶσα,
468 577 677 621 τουτέστι
704 577 781 629 τὴν
806 575 984 638 πρωΐαν,
1014 576 1036 628 3¹7
1060 577 1139 628 τὴν
1163 578 1203 621 ἐν
1227 579 1290 635 τῷ
1321 578 1387 638 ἦρι
1422 581 1649 636 γεννῶσαν,

121 659 216 707 ἤτοι
245 655 308 713 τῷ
336 655 492 717 ὄρθρῳ.
539 655 740 699 alterum
778 670 916 715 supra
950 669 1136 699 versum
1168 654 1269 711 (fol.
1298 655 1433 712 214³),
1460 657 1482 706 ἡ
1510 654 1567 700 τὸ
1598 655 1650 717 ἦρ

121 732 189 776 καὶ
218 730 297 776 τὸν
330 732 489 793 ὅρθρον
520 734 726 790 γεννῶσα,
751 730 773 782 3¹7
799 733 821 783 ἦ
855 732 895 775 ἐν
919 731 981 788 τῷ
1009 731 1154 793 ὄρθρῳ
1178 732 1382 790 γενομένη
1399 739 1528 776 ἰ--Θῖ
1553 748 1651 776 rur-

123 823 199 853 sus
224 809 246 859 ἦ
269 806 348 853 τὸν
372 808 531 870 ὅρθρον
557 811 762 867 γεννῶσα.

191 884 244 929 Ρ.
272 899 338 943 73,
360 901 425 930 12.
462 884 642 937 εἴπωμεν
676 884 720 929 δὲ
754 885 821 929 καὶ
859 900 950 930 om.
989 883 1052 929 H.
1261 902 1325 944 13.
1359 884 1492 940 πολὺ]
1536 883 1652 928 πολὺ

121 960 196 1014 μὲν
218 960 279 1006 Η.
488 976 552 1019 17.
577 963 653 1014 ἠώς
670 964 765 1018 :—-]
800 961 893 1006 Hic
917 962 1077 1007 finitur
1101 961 1309 1006 scholion
1334 963 1381 1006 in
1402 961 1549 1015 D.H.,
1570 962 1651 1006 sed

124 1037 186 1082 D.
217 1039 338 1082 infra
372 1046 477 1097 post
512 1036 716 1093 βάλλετο
750 1040 895 1099 φᾶρος
921 1046 982 1098 (ρ.
1011 1054 1078 1096 74,
1100 1041 1186 1098 16.)
1212 1039 1311 1083 haeo
1347 1039 1502 1091 habet,
1528 1037 1653 1099 Πορ-

123 1116 289 1178 φύριος.
342 1118 364 1167 ἡ
392 1116 693 1177 κροκόπεπλος
723 1116 789 1160 καὶ
828 1118 849 1167 ἡ
884 1114 1202 1177 ῥοδοδάκτυλος
1238 1116 1307 1160 ε’πὶ
1344 1121 1419 1168 τῆς
1456 1115 1653 1167 δαίμονος

123 1192 318 1251 λέγεται.
367 1193 409 1236 ἐκ
442 1193 568 1241 ποίας
598 1192 641 1237 δὲ
670 1195 964 1251 καταλήψεως
988 1195 1010 1244 ἡ
1035 1192 1337 1254 κροκόπεπλος
1361 1193 1428 1236 καὶ
1453 1193 1496 1236 ἐκ
1526 1193 1653 1241 ποίας

123 1271 146 1320 ἡ
169 1266 487 1331 ῥοδοδάκτυλος
510 1267 568 1314 τὰ
600 1270 782 1314 ἐπίθετα
813 1270 975 1325 ἔλαβεν
1004 1268 1252 1328 ἐξηγητέον.
1301 1269 1413 1331 φημὶ
1437 1270 1577 1314 τοίνυν
1602 1271 1653 1318 ὡς

125 1343 193 1389 διὰ
217 1344 291 1398 μὲν
309 1350 385 1396 τῆς
408 1349 489 1390 τοῦ
512 1346 666 1406 κρόκου
690 1347 844 1407 χροιᾶς
867 1345 994 1397 δηλοῖ
1015 1344 1070 1389 τὸ
1097 1345 1254 1403 ὀλίγον
1278 1351 1353 1397 τῆς
1378 1346 1534 1407 ἡμέρας
1559 1349 1653 1407 φῶς

124 1423 282 1479 πολλῷ
313 1423 378 1480 τῷ
412 1426 487 1472 τῆς
523 1420 668 1470 νυκτὸς·
701 1422 852 1475 μέλανι
888 1420 1147 1483 κιρνάμενον,
1178 1421 1284 1467 ὅταν
1315 1422 1442 1481 λέγῃ,
1474 1421 1579 1473 ἦμος·
1612 1420 1648 1466 δ’

123 1497 334 1556 ἠριγένεια
368 1495 483 1559 φάνη
519 1496 836 1559 ῥοδοδάκτυλος
864 1498 954 1550 ἡώς,
981 1496 1047 1542 διὰ
1078 1497 1123 1542 δὲ
1146 1503 1220 1550 τῆς
1244 1501 1325 1542 τοῦ
1354 1497 1485 1555 ῥόδου
1516 1498 1653 1559 χρόας

125 1572 250 1626 δηλοῖ
272 1574 428 1633 ὀλίγον
451 1572 507 1619 τὸ
531 1580 607 1627 τῆς
640 1573 785 1623 νυκτὸς
815 1575 952 1627 μέλαν
976 1575 1135 1631 πολλῷ
1157 1574 1220 1632 τῷ
1243 1579 1320 1626 τῆς
1352 1574 1508 1636 ἡμέρας
1532 1574 1651 1635 φωτὶ

124 1651 357 1711 χρώμενον.
403 1650 470 1695 καὶ
500 1655 637 1696 τοῦτο
669 1649 794 1703 δηλοῖ
824 1651 976 1696 ε’κεῖθεν
1005 1650 1113 1694 ὅταν
1144 1650 1269 1709 λέγῃ,
1295 1650 1399 1702 ἦμος
1424 1649 1459 1694 δ’
1479 1650 1653 1711 ἑωσφό-

123 1746 198 1786 ρος·
222 1725 304 1770 εἶσι
330 1733 418 1772 etc.
446 1727 508 1785 (1).
531 1741 596 1785 73,
620 1730 704 1786 17.)

194 1803 244 1846 P.
273 1817 339 1860 74,
362 1820 396 1847 1.
431 1805 452 1854 ἡ
477 1802 552 1854 μὲν
578 1803 637 1847 D.
664 1809 717 1847 ub
747 1801 929 1847 Buttm.
956 1818 1036 1862 pro
1062 1804 1098 1847 εἰ
1120 1803 1208 1854 μέν.
1412 1821 1452 1862 3.
1478 1801 1652 1848 σκεδάν-

127 1899 226 1923 νυτο
251 1879 369 1941 περὶ]
402 1878 563 1923 Scribe
593 1876 865 1924 σκεδάννυται
891 1877 1011 1940 παρὰ
1037 1894 1096 1924 ex
1121 1878 1180 1924 D.
1384 1900 1424 1936 4.
1450 1882 1651 1932 συνήντη-

127 1956 218 2013 σεν]
245 1955 436 2015 Corrige
456 1957 717 2017 συνήρτησεν
736 1971 795 2000 ex
816 1955 873 2000 D.
1053 1961 1093 2000 6.
1117 1956 1236 2012 ἔνθα]
1262 1956 1329 1999 καὶ
1352 1954 1410 2001 D.
1547 1956 1646 2001 ἀλλ’

127 2033 174 2076 οὗ
204 2048 293 2076 om.
320 2033 379 2076 D.
605 2050 669 2091 13.
706 2031 897 2093 προόδου
923 2033 982 2077 D.
1010 2039 1062 2076 ut
1088 2032 1271 2077 Buttm.
1298 2048 1380 2092 pro
1412 2032 1649 2092 προσόδου.

129 2109 260 2153 Idem
310 2124 421 2154 mOX
467 2109 899 2170 κοίτου-ὀρφανίᾳ
942 2109 1009 2153 καὶ
1051 2110 1113 2165 τῷ
1153 2113 1230 2154 τοῦ
1278 2108 1446 2170 πατρὸς
1493 2110 1649 2155 πένθει.

132 2197 197 2242 15.
223 2185 277 2231 εἷς
300 2184 525 2236 ἐκκλησίαν
545 2199 636 2228 om.
652 2183 711 2228 D.
848 2182 1044 2235 μαλακὸν
1069 2182 1126 2239 δ’]
1155 2184 1317 2229 Scribe
1340 2182 1536 2236 μαλακὸν
1561 2181 1651 2245 γάρ

128 2263 264 2321 φησιν
282 2275 341 2304 ex
363 2259 490 2304 D.H.
689 2273 751 2316 17.
778 2259 876 2321 περὶ
903 2258 1390 2321 (δὲ-περιεβάλλοντο]
1418 2260 1506 2305 θέτ’
1526 2258 1651 2317 ὦμῳί

128 2335 369 2396 περιέθετο.
419 2335 476 2380 τὸ
512 2334 602 2396 γὰρ
638 2334 826 2380 παλαιὸν
861 2335 988 2387 ὤμοις
1022 2339 1162 2380 ταῦτα
1201 2337 1555 2394 περιεβάλλοντο
1592 2336 1651 2380 D.

133 2417 198 2457 18.
234 2414 285 2461 ὡς
319 2419 447 2458 recte
483 2429 574 2458 om.
605 2413 665 2457 D.
872 2429 937 2459 22.
973 2413 1128 2471 τοῦτο]
1173 2412 1285 2458 Non
1324 2414 1401 2466 sic,
1439 2413 1520 2458 sed
1555 2414 1655 2458 τού-

128 2508 208 2533 του
234 2488 296 2533 Η.

196 2565 251 2610 Ρ.
273 2579 339 2624 75,
360 2583 396 2609 1.
420 2565 495 2617 μὲν
520 2567 662 2611 habet
689 2565 752 2610 H.
946 2582 986 2611 2.
1013 2565 1283 2627 οἰκειότεροι]
1309 2566 1567 2628 οἰκειότερον
1588 2565 1650 2611 Η.

131 2647 171 2687 6.
196 2640 488 2702 προφθάνειν]
521 2640 700 2703 φθάνειν
721 2641 783 2685 H.
957 2656 995 2698 7.
1020 2640 1197 2686 σύνοδον
1220 2645 1305 2686 τῶν
1329 2646 1537 2695 πολιτῶν,
1556 2662 1653 2687 συν-

131 2716 384 2776 ειλεγμένων
416 2716 459 2762 δὲ
490 2718 645 2773 αὐτῶν]
684 2715 873 2770 σύνοδον,
902 2715 1022 2761 ἀλλὰ
1059 2718 1388 2776 συνειλεγμένων
1411 2722 1496 2763 τῶν
1524 2723 1654 2763 πολι-

130 2797 216 2837 τῶν
239 2794 300 2839 D.
498 2797 536 2836 8.
565 2791 836 2838 Delendum
861 2793 1076 2852 ἐγένοντο,
1103 2795 1226 2852 quod
1252 2795 1498 2839 Cramerus
1522 2795 1653 2839 addi-

132 2869 215 2914 dit.
412 2885 476 2926 17.
501 2869 567 2913 καὶ
593 2870 616 2913 ὁ
643 2867 1205 2932 Μένανδρος-βαστάζειν
1230 2885 1320 2914 om.
1347 2871 1406 2915 D.
1586 2872 1648 2913 18.

132 2948 292 3001 πονεῖν]
325 2947 378 2990 In
404 2945 465 2989 H.
491 2952 562 2990 est
587 2951 717 2998 ποεῖν,
745 2947 822 2990 sed
851 2947 985 2989 unius
1011 2945 1154 2991 literae
1183 2947 1332 3005 spatio
1366 2947 1486 2989 inter
1511 2965 1532 2987 0
1560 2951 1607 2988 et·
1632 2966 1651 2987 ε
