1907 3270
664 168 1076 216 PRAEFATIO.
1484 170 1634 213 xxxiii

109 284 301 330 scholio.
542 300 608 341 23.
644 282 699 327 In
726 283 784 327 D.
812 281 1019 327 οὐδέποτε
1044 286 1065 334 ἡ
1092 283 1206 344 λέξις
1231 282 1336 335 αὕτη
1363 282 1400 327 ὃ.
1428 303 1474 326 π.
1501 284 1562 339 τῷ
1588 302 1635 324 π.

108 361 281 406 τίθεται
307 361 357 407 ὡς
381 366 471 405 etc.
675 376 743 418 30.
771 376 838 418 31.
867 358 1027 404 Habet
1052 359 1111 403 D.

178 437 232 481 P.
252 451 323 494 45,
345 440 521 493 7.—46‚
543 453 581 493 9.
612 434 718 480 Hoc
744 435 952 481 scholion
978 437 1026 480 in
1051 436 1145 480 duo
1166 438 1366 481 divisum
1393 442 1465 481 est
1490 437 1535 479 in
1563 435 1637 486 D.‚

110 528 309 573 quorum
353 514 479 572 prius
515 513 751 557 consentit
787 528 893 557 cum
932 513 985 557 iis
1022 528 1123 572 quae
1160 528 1219 557 ex
1258 512 1310 557 E.
1351 513 1543 572 apposui
1591 513 1639 555 111

109 589 389 650 Appendice
415 605 458 649 p.
477 603 574 648 737.
598 590 703 648 (nisi
723 590 848 648 quod
874 589 933 634 ab
951 590 1088 634 initio
1113 596 1240 634 recte
1261 590 1483 648 scriptum
1512 590 1558 633 in
1577 587 1637 632 D.

110 665 167 712 τὰ
211 667 292 719 ἔπη
330 669 471 710 ταῦτα
544 669 724 718 ητοῦμεν
757 666 855 710 τίνα
896 665 1039 724 λόγον
1071 666 1174 726 ἔχει,
1217 667 1252 709 εἴ
1288 663 1376 726 γὰρ
1414 669 1478 709 νῦν
1515 665 1639 720 eto),

111 743 313 788 alterum
342 742 430 788 hoc
456 748 540 795 est,
567 741 686 786 ἀλλὰ
713 744 861 803 πατήρ
887 743 928 785 οἱ
953 741 1076 786 δῶκεν
1100 742 1225 793 ἐμός;
1262 745 1349 790 πῶς
1374 742 1444 785 οὐκ
1471 740 1641 786 ἄτοπον

111 826 202 866 etc.
237 820 300 879 (p.
319 833 389 878 45,
410 822 496 878 14.)
534 820 666 878 cujus
713 821 758 864 in
807 820 1017 879 margine
1065 820 1287 878 scriptum
1338 825 1407 863 est
1453 818 1642 880 Πορφύ-

111 917 216 957 ριος.
446 911 512 954 15.
536 897 599 953 τῷ
616 893 874 956 Ἀγχιάλου
906 895 1026 940 παιδὶ
1061 911 1151 940 om.
1180 895 1239 939 D.
1472 901 1535 940 16.
1562 897 1643 939 τοῦ

112 972 301 1034 πατρὸς]
332 971 411 1018 τὸν
441 973 613 1034 πατέρα
640 973 700 1017 D.
943 987 1007 1029 17.
1037 970 1644 1034 φάρμακον-ὁμολογουμέ-

115 1053 205 1107 νως]
237 1051 308 1095 οὔκ
332 1049 476 1094 ἔδωκεν
503 1047 737 1111 φάρμακον
763 1051 786 1093 ὁ
812 1048 904 1098 δοὺς
930 1050 1150 1110 ἀγχίαλος
1176 1051 1197 1100 ἡ
1222 1054 1370 1100 κτῆσις
1395 1050 1644 1106 ὁμολογου-

113 1128 241 1179 μένως
266 1127 324 1171 D.
565 1130 767 1180 18.—46‚
795 1144 836 1185 9.
876 1125 969 1171 Pro
1005 1126 1076 1170 his
1113 1125 1173 1169 D.
1211 1126 1309 1170 haec
1345 1125 1502 1177 habet,
1542 1125 1641 1168 ἀλλ’

113 1205 201 1265 ἔχει
239 1203 315 1256 μὲν
353 1204 420 1248 καὶ
464 1203 589 1251 οὗτος
624 1203 876 1261 ἀπολογίαν
912 1203 1022 1255 ὅμως
1056 1202 1267 1260 τῷἼλῳ.
1318 1203 1364 1246 οὐ
1403 1201 1492 1263 γὰρ
1528 1202 1642 1263 ξένῳ,

116 1280 242 1342 φησὶ,
268 1287 485 1342 παρεῖχεν,
516 1280 616 1324 ἀλλ’
643 1279 872 1341 ι’σαδέλφῳ
903 1279 1021 1341 ἀνδρὶ
1061 1278 1261 1331 δηλονότι
1292 1277 1372 1326 τὰς
1405 1279 1552 1339 χρείας
1585 1280 1646 1321 οἰ-

115 1357 348 1409 κειούμενος
382 1359 463 1401 τοῦ
498 1356 677 1415 γνησίου
714 1356 864 1417 φίλου.
914 1356 968 1400 ὢν
997 1354 1085 1415 γὰρ
1113 1355 1251 1412 (adde
1281 1356 1303 1406 ἡ
1333 1358 1494 1405 κτῆσις,
1520 1354 1645 1413 quod

116 1434 273 1494 paullo
313 1440 423 1479 ante
458 1435 506 1478 in
540 1432 597 1477 D.
632 1433 805 1493 legitur
842 1435 966 1478 inter
998 1433 1221 1494 ἀγχίαλος
1258 1439 1306 1476 et
1345 1431 1648 1490 ὁμολογουμέ-

119 1511 208 1565 νως)
230 1511 284 1559 εἷς
307 1508 386 1558 τὰς
411 1508 599 1569 ἆνάγκας
625 1511 695 1554 οὐκ
723 1509 896 1565 ἀσεβὴς,
923 1510 1087 1555 τούτων
1112 1511 1134 1561 ἦ
1157 1507 1392 1561 μετάδοσις
1415 1514 1508 1557 τοῖς
1533 1507 1647 1566 ἄγαν

119 1588 270 1649 φίλοις
294 1587 341 1631 οὗ
367 1588 574 1639 νεμεσητή
591 1585 805 1632 t—Conf.
832 1588 953 1632 infra
976 1602 1021 1646 p.
1040 1591 1110 1642 46,
1140 1600 1346 1644 25.———47‚
1372 1602 1437 1629 ΙΙ.

186 1663 239 1707 P.
263 1669 333 1719 46,
355 1680 420 1722 19.
444 1661 600 1708 Ἰάσων
623 1662 733 1720 ἅμα]
767 1662 924 1712 ἄλλως.
974 1660 1132 1707 ι’άσωνα
1157 1661 1232 1714 μὲν
1256 1661 1320 1707 H.
1370 1660 1513 1706 ἄλλως
1537 1675 1649 1719 prae-

119 1741 345 1800 scriptum
363 1741 472 1799 quia
491 1740 578 1784 hoc
598 1740 806 1784 scholion
827 1740 1031 1798 positum
1049 1746 1120 1784 est
1137 1745 1242 1797 post
1262 1754 1303 1797 p.
1320 1743 1390 1793 46,
1408 1755 1475 1792 24.
1526 1736 1647 1779 Mox

120 1817 167 1860 in
192 1816 255 1859 H.
276 1816 555 1861 exciderunt
574 1816 714 1861 verba
735 1815 1443 1877 παραγενόμενος-Θεσπρωτίας
1462 1813 1648 1858 librario

120 1908 148 1937 a
182 1893 334 1952 priore
360 1891 648 1953 Θεσπρωτίας
683 1893 741 1937 ad
777 1892 978 1937 alterum
1014 1893 1272 1937 aberrante.
1494 1907 1559 1935 21.
1586 1886 1649 1933 διὸ

120 1969 406 2029 -ἕμπειρος]
446 1967 755 2031 ὃιὰ--ἐνπείρα
788 1968 852 2013 H.
1098 1985 1164 2027 23.
1202 1969 1261 2024 ἐν]
1293 1968 1334 2011 ἐν
1358 1968 1403 2020 (3,
1430 1967 1553 2025 quod
1591 1981 1650 2010 ΘΧ

123 2045 193 2090 Μ.
221 2045 491 2098 memoravi,
525 2052 597 2090 est
630 2046 771 2090 etiam
806 2047 853 2089 in
881 2044 958 2097 H.‚
985 2046 1071 2090 etsi
1097 2041 1130 2089 ὦ
1158 2060 1301 2104 prope
1333 2043 1649 2088 obliteratum.

124 2138 191 2180 25.
217 2121 734 2183 ἀνωτέρω-λελύκαμεν]
777 2121 862 2166 Est
887 2122 1096 2166 scholion
1123 2120 1382 2180 Porphyrii,
1407 2121 1539 2180 cujus
1571 2134 1652 2164 no-

122 2213 232 2243 men
269 2213 406 2257 supra
441 2199 498 2242 ad
530 2214 571 2258 p.
592 2216 661 2257 45,
684 2213 721 2255 7.
755 2205 991 2243 servatum
1026 2198 1073 2241 in
1101 2197 1174 2248 D.‚
1200 2198 1258 2242 ad
1285 2196 1410 2255 quod
1444 2196 1653 2240 scholion

122 2274 199 2319 hic
223 2275 482 2333 respicitur.
674 2274 910 2327 λελύκαμεν
934 2273 990 2319 τὸ
1014 2277 1106 2326 τοῦ,
1133 2273 1263 2325 σταίη
1289 2274 1459 2324 πήληκα
1485 2272 1553 2315 καὶ
1580 2270 1652 2315 δύο

124 2349 261 2412 δοῦρε,
280 2350 388 2411 ὅπερ
408 2350 504 2395 ἐστὶ
525 2350 581 2395 τὸ
601 2354 778 2412 πρῶτον
796 2348 979 2412 ζήτημα,
1002 2353 1065 2394 νῦν
1085 2348 1146 2406 δὲ]
1179 2349 1489 2394 Scribendum
1511 2363 1570 2392 ex
1590 2347 1652 2391 H.

123 2428 359 2480 λελύκαμεν
383 2426 440 2472 τὸ
471 2431 647 2489 πρῶτον
674 2426 843 2490 ζήτημα
867 2431 949 2472 τοῦ
982 2427 1113 2478 σταίη
1145 2427 1253 2486 ἔχων
1278 2428 1448 2478 πήληκα
1478 2425 1545 2468 καὶ
1582 2423 1653 2468 δύο

125 2500 261 2562 δοῦρε,
292 2505 357 2545 νῦν
382 2500 425 2546 δὲ
442 2529 522 2545 -.
735 2517 802 2559 27.
827 2500 882 2546 τὸ
908 2517 999 2546 om.
1026 2504 1082 2545 H.
1290 2504 1359 2545 28.
1386 2499 1646 2560 ἀμφοτέρω]

125 2577 377 2638 ἀμφότεροι
407 2577 468 2622 Η.

195 2653 247 2697 P.
273 2668 344 2710 47,
373 2671 439 2700 22.
477 2651 598 2714 παρὰ
624 2653 848 2715 anaeo'vov
872 2669 963 2698 om.
991 2652 1050 2697 D.
1124 2652 1257 2696 Idem
1284 2666 1325 2695 V.
1355 2668 1422 2698 22.
1448 2653 1654 2712 κιχρᾶται

128 2727 276 2789 τόξον.

197 2804 249 2848 Ρ.
275 2807 344 2860 48,
369 2821 438 2863 34.
478 2803 604 2850 Huic
634 2804 808 2850 scholio
838 2805 886 2848 in
916 2805 1124 2864 margine
1155 2803 1441 2861 adscriptum
1470 2802 1658 2864 Πορφυ-

127 2882 223 2942 ρίου
257 2883 305 2925 in
331 2882 391 2926 D.
456 2881 592 2927 Conf.
619 2898 663 2942 p.
688 2888 756 2939 46,
785 2888 991 2940 26.—47,
1013 2898 1077 2926 11.
1251 2881 1452 2936 κέκτητο]
1498 2880 1658 2924 Scribe

130 2959 334 3011 ἐκέκτητο
360 2975 418 3004 ex
445 2960 503 3004 D.

880 3059 904 3086 C
