1907 3270
221 114 298 156 xiv
783 110 1190 156 PRAEFATIO.

222 233 511 277 emendanda
550 234 619 278 vel
662 233 1034 292 redintegranda,
1078 236 1131 275 ut
1171 232 1218 275 in
1260 232 1407 290 primo
1446 232 1603 276 statim
1644 232 1743 291 ejus

223 309 395 353 scholio
422 312 469 368 (p
517 326 587 361 12,
617 325 840 370 31.—-14,
869 310 942 355 26.
969 310 1040 354 ed.
1068 310 1253 366 nostrae)
1287 309 1443 352 videre
1469 308 1593 359 licet,
1619 309 1742 367 quod

223 386 344 429 vitiis
373 393 418 429 et
456 387 630 430 lacunis
668 386 825 430 multis
852 386 1163 430 deformatum
1199 400 1258 429 ex
1292 384 1452 428 codice
1487 383 1742 429 Harleiano

221 461 429 505 ediderat
454 462 714 513 Cmmerus,
741 478 826 522 ego
851 462 1146 507 emendatius
1172 460 1364 506 exhibui
1392 476 1451 504 ex
1479 459 1554 514 D.‚
1579 462 1657 519 qui
1695 462 1741 506 id

221 538 266 580 in
302 538 434 582 initio
459 538 682 596 scriptum
717 538 858 583 habet
888 538 967 582 fol.
1004 537 1120 597 176.³
1147 544 1256 582 ante
1294 543 1479 581 textum
1507 535 1739 596 Odysseae,

220 614 297 671 qui
324 614 484 673 incipit
511 614 588 658 fol.
613 626 716 674 177.

287 690 332 733 S.
363 690 597 735 Parisinus
640 691 781 751 2894.
822 690 1129 749 bombycinus
1175 689 1318 734 seculi
1362 691 1514 748 quarti
1554 691 1740 745 decimi,

219 766 366 810 forma
391 768 627 825 quadrata,
653 767 832 827 paginis
862 767 909 810 in
937 767 1051 810 duas
1076 766 1316 811 columnas
1342 767 1514 819 divisis,
1544 782 1739 825 quarum

218 859 416 901 quaeque
442 859 597 889 versus
633 844 845 888 continet
871 844 1034 903 viginti
1066 844 1171 888 duo.
1244 843 1413 887 Insunt
1447 843 1559 888 Ilias
1585 844 1682 898 (fol.
1716 860 1732 888 1

217 919 432 978 —208.),
459 935 564 964 cum
591 920 775 964 scholiis
808 920 1023 964 brevibus
1048 926 1097 965 et
1125 919 1430 980 glossematis,
1456 927 1504 964 et
1532 920 1740 979 Odyssea

218 996 315 1054 (fol.
359 1000 666 1057 209—333.).
739 997 927 1042 Scholia
964 1003 1012 1042 et
1052 996 1336 1056 glossemata
1376 997 1422 1040 in
1467 995 1737 1055 Odysseam,

216 1088 320 1131 quae
368 1074 585 1117 desinunt
632 1080 736 1132 post
785 1073 1039 1133 rhapsodias
1088 1074 1237 1117 tertioe
1290 1088 1473 1117 versum
1511 1073 1588 1129 48.
1638 1073 1735 1131 (fol.

219 1146 385 1209 219.¹‘.)
412 1150 533 1194 bona
566 1158 674 1194 sunt
707 1157 755 1194 et
787 1151 992 1209 antiqua,
1019 1150 1107 1195 etsi
1144 1150 1298 1194 minus
1324 1165 1462 1208 quam
1495 1150 1542 1193 in
1577 1150 1738 1195 codice

216 1222 470 1268 Harleiano
509 1226 812 1285 cognatisque
855 1226 982 1270 libris
1025 1226 1224 1285 copiosa.
1298 1227 1463 1286 Margo
1501 1241 1621 1285 saepe
1659 1226 1738 1271 de-

215 1301 325 1344 trita
357 1308 428 1345 est
465 1309 511 1346 et
550 1304 777 1361 scriptura
812 1309 907 1347 tam
942 1302 1113 1361 pallida
1144 1309 1195 1347 ut
1226 1302 1450 1347 nonnulla
1486 1302 1578 1363 legi
1612 1319 1736 1348 nnnc

216 1377 405 1421 omnino
431 1384 679 1436 nequeant,
706 1379 905 1437 plurima
930 1379 1055 1424 lectu
1082 1379 1287 1423 difficilia
1317 1385 1453 1424 sunt:
1494 1380 1618 1423 unde
1644 1380 1735 1424 fac-

213 1460 314 1497 tum
342 1460 394 1498 ut
421 1455 679 1505 Cramerus,
706 1457 783 1515 qui
811 1462 1030 1515 excerpta
1055 1472 1112 1500 ex
1147 1456 1331 1501 scholiis
1366 1462 1414 1501 et
1445 1456 1735 1516 glossematis

213 1528 430 1589 Odysscae
455 1532 584 1575 dedit
610 1533 654 1575 in
680 1532 942 1577 Anecdotis
970 1533 1189 1577 Pal-isinis
1209 1533 1299 1577 vol.
1323 1549 1366 1593 3.
1395 1548 1733 1594 1J.393—410.

212 1605 307 1649 fere
333 1622 386 1650 ea
412 1612 595 1651 tantum
621 1607 819 1660 afferret,
847 1624 951 1666 quae
978 1608 1103 1652 lectu
1131 1608 1337 1652 faciliora
1362 1615 1528 1660 essent,
1556 1609 1736 1668 reliqua

211 1696 304 1724 non
329 1683 598 1742 attingeret,
624 1682 757 1741 plura
782 1684 922 1728 etiam
950 1699 1041 1728 non
1077 1691 1203 1728 recte
1237 1684 1429 1743 legeret.
1503 1685 1632 1738 Quos
1665 1701 1735 1730 er-

212 1772 335 1801 rores
383 1774 469 1817 ego
518 1759 638 1802 infra
675 1760 899 1818 corrigam
950 1774 1058 1803 vera
1106 1760 1278 1803 codicis
1326 1761 1553 1819 scriptura
1593 1776 1734 1820 appo-

212 1833 378 1878 nenda.

279 1908 340 1954 N.
378 1910 592 1955 Venetus
618 1911 889 1956 Marcianus
914 1912 1042 1956 class.
1069 1913 1129 1955 ix.
1156 1913 1305 1957 codex
1330 1914 1389 1956 iv.
1418 1929 1476 1957 ex
1502 1930 1593 1972 quo
1619 1929 1733 1958 non-

211 1986 338 2031 nulla
358 1990 589 2047 excerpsit
614 1989 834 2034 Cobetus.
879 1989 1075 2034 Constat
1095 1990 1275 2034 duabus
1294 1991 1517 2049 partibus,
1534 2007 1731 2050 quarum

208 2065 343 2123 prior,
371 2081 476 2124 quae
507 2067 552 2110 in
584 2067 743 2112 charta
768 2068 1044 2127 bombycina
1079 2069 1248 2127 scripta
1273 2074 1342 2112 est
1366 2069 1523 2113 seculo
1549 2070 1730 2114 decimo

209 2143 360 2194 tertio,
384 2143 459 2186 fol.
485 2158 688 2201 1—142.
727 2143 982 2203 Odyssean]
1011 2145 1232 2197 continet,
1262 2145 1440 2204 reliqua
1456 2145 1566 2189 folia
1584 2161 1730 2205 usque

209 2218 263 2261 ad
289 2233 303 2260 1
317 2234 391 2278 90.
409 2220 453 2262 in
472 2220 630 2264 charta
655 2220 777 2265 linea
792 2222 961 2280 scripta
980 2221 1134 2266 seculo
1152 2222 1315 2280 quinto
1333 2222 1515 2266 decimo
1532 2221 1728 2268 Hesiodi

209 2296 452 2340 continent
486 2295 643 2355 Opera
679 2304 727 2342 et
764 2297 877 2342 Dies
912 2298 1203 2355 Scntumque
1238 2296 1455 2342 Herculis
1492 2314 1638 2356 usque
1669 2300 1724 2343 ad

210 2387 247 2413 V.
286 2384 395 2432 327.
445 2373 623 2433 χαίρετε
662 2379 846 2432 λυγκῆος
890 2374 1010 2432 ’γενεὴ
1051 2379 1350 2426 τηλεκλειτοῖο
1389 2390 1492 2418 cum
1543 2375 1728 2420 SellolliS

208 2447 434 2493 brevibus.
508 2449 695 2494 Scholia
721 2449 975 2494 Homerica
1008 2451 1104 2509 ipsa
1130 2466 1314 2509 quoque
1351 2451 1507 2495 brevia
1539 2458 1647 2495 sunt
1679 2457 1727 2496 ct

207 2523 483 2583 plerumque
520 2526 671 2571 futilia
705 2534 752 2571 et
786 2528 862 2571 vix
897 2528 1148 2585 quidquam
1183 2528 1426 2571 continent
1457 2527 1587 2585 cujus
1625 2533 1727 2586 post

208 2616 424 2646 excussos
451 2602 589 2647 libros
615 2603 730 2647 alios
756 2603 879 2647 ullus
904 2619 1003 2648 esse
1029 2618 1138 2647 usus
1162 2604 1318 2662 possit.
1363 2603 1570 2662 Longius
1595 2603 1726 2647 scho-

207 2678 298 2721 lion
328 2679 468 2733 (haud
496 2680 637 2724 dubie
664 2679 925 2740 Porphyrii)
950 2697 1041 2740 quo
1067 2681 1122 2725 ad
1149 2682 1453 2739 quaestionem
1480 2682 1725 2739 responde-

208 2762 282 2797 tur
307 2752 372 2797 διὰ
399 2756 444 2798 τί
465 2754 699 2804 Ὀὃυσσεύς
724 2759 777 2815 τῇ
811 2756 884 2808 μὲν
912 2756 1147 2815 Πηνελόπῃ
1175 2757 1245 2799 οὐκ
1275 2755 1481 2808 ἐδήλωσεν
1514 2756 1556 2803 ὃς
1581 2757 1638 2807 ἦν,
1663 2760 1725 2813 τῷ

206 2828 248 2872 δὲ
283 2829 532 2892 Τηλεμάχῳ
568 2832 633 2875 καὶ
670 2839 763 2880 Τοῖς
796 2833 991 2885 obserate,
1025 2834 1070 2876 in
1109 2832 1384 2892 Appensllce
1416 2834 1545 2891 POSul
1582 2833 1638 2877 ad
1678 2849 1721 2891 p.

207 2907 314 2964 5562
345 2919 383 2966 7·
