1907 3270
691 104 1098 153 PRAEFATIO.
1564 110 1663 156 lxiii

140 216 277 263 dinus
312 215 419 266 εἶδος
454 219 579 272 fecit,
619 235 646 265 a
682 220 976 266 Buttmanno
1018 223 1213 268 ulterius
1253 224 1299 268 in
1341 224 1470 276 ἐσθὴς
1502 226 1664 284 depra-

140 299 315 345 vatum,
340 300 393 338 ut
418 310 544 339 error
568 311 770 340 errorem
796 311 958 354 parere
983 297 1115 341 solet.

207 369 259 413 P.
281 375 377 422 602,
416 375 480 415 18.
506 369 693 432 Ἀργοῖ]
733 371 856 433 ἀργῶ
884 371 947 416 Η.
991 373 1128 434 (ἰργῶι
1165 373 1221 418 O.
1261 381 1312 419 ut
1337 391 1379 434 p.
1406 392 1503 434 534,
1533 392 1598 434 25.
1640 378 1662 427 ἡ

138 443 182 489 δὲ
213 447 241 491 ἶ.
268 445 685 508 παρὰἈκουσιλάῳ
704 464 796 493 0111.
826 447 887 492 H.
1048 465 1114 493 21.
1143 449 1353 495 Primum
1393 459 1441 497 et
1466 453 1659 497 tertium

136 523 486 582 Argumentum
522 525 664 570 habet
699 524 776 577 H„
810 526 891 570 sed
928 526 1088 570 ordine
1123 527 1319 572 inverso.
1392 528 1661 573 Secundum

137 600 425 659 tertiumque
461 601 603 645 habet
640 600 697 644 O.
732 602 893 646 ordine
930 608 1088 646 tamen
1126 604 1322 648 inverso.
1395 605 1449 648 In
1487 606 1663 650 Aldina

135 675 416 720 scholiorum
455 678 663 723 editione
705 678 824 723 hanc
863 679 1157 738 reliquasque
1199 680 1466 741 rhapsodias
1506 682 1663 743 Argu-

134 753 307 797 mentis
332 768 489 799 carere
514 769 649 813 supra
675 755 787 799 dixi.

204 829 255 873 P.
283 834 380 888 603,
407 835 446 874 6.
483 829 548 889 ὃς]
571 830 638 874 καὶ
665 832 724 875 O.

202 905 256 950 P.
282 912 378 963 604,
406 911 447 952 8.
483 908 697 952 Glossam
732 907 957 967 Hesychii
994 909 1052 952 de
1079 925 1176 953 voc.
1206 910 1386 962 τηϋσίην
1410 910 1587 955 illatam
1614 912 1662 955 in

133 985 192 1030 V.
224 984 367 1030 habet
404 986 546 1029 etiam
573 984 629 1029 O.
667 1000 809 1029 manu
845 986 1052 1044 antiqua,
1078 987 1476 1044 quemadmodum
1511 988 1661 1032 codex

135 1059 417 1105 Harleianus
457 1077 597 1105 unam
640 1061 908 1120 hujusmodi
957 1062 1369 1122 interpolationem
1418 1064 1560 1108 habet
1600 1079 1659 1108 ex

134 1137 292 1198 Etym.
323 1137 393 1181 M.
418 1138 616 1182 factam:
655 1153 696 1180 v.
723 1152 860 1196 supra
897 1153 935 1196 p.
964 1152 1005 1182 V.
1208 1155 1260 1183 20
1315 1138 1422 1184 Hoc
1452 1139 1661 1184 scholion

132 1230 239 1260 cum
266 1215 446 1260 duobus
471 1214 573 1258 aliis
598 1229 655 1258 ex
683 1213 956 1272 Pherecyde
987 1216 1220 1273 excerptis
1246 1215 1323 1270 (ad
1350 1231 1391 1260 v,
1420 1232 1515 1275 223.
1545 1218 1659 1274 225.)

131 1292 307 1337 habent
332 1291 456 1337 O.V.
482 1293 530 1336 in
557 1292 648 1336 fine
674 1291 954 1336 scholiorum
983 1291 1039 1335 ad
1066 1291 1186 1336 hanc
1214 1293 1525 1351 rhapsodiam.

198 1370 252 1414 P.
280 1375 375 1427 605,
406 1386 442 1412 Ι.
467 1371 636 1424 πασῶν]
669 1366 841 1413 πάντων
867 1368 968 1425 (Sic)
996 1369 1054 1412 O.

198 1447 252 1491 P.
278 1451 377 1500 606,
399 1463 463 1501 14.
489 1447 629 1501 Θήσει]
663 1446 713 1505 Θῇ
738 1465 809 1489 σοι
837 1444 1068 1490 Struvius.

199 1524 252 1568 P.
271 1529 371 1584 607,
395 1538 432 1580 7.
463 1523 486 1566 ὁ
513 1521 575 1578 δέ]
618 1522 744 1567 Novi
770 1521 931 1566 scholii
958 1522 1145 1566 initium
1172 1529 1242 1567 est
1267 1524 1315 1567 in
1342 1522 1406 1567 H.
1451 1522 1496 1567 δέ
1520 1526 1661 1583 parti-

133 1601 284 1646 culam
323 1601 438 1645 dicit
474 1605 579 1659 post
613 1596 830 1661 ὑποζεύξω
871 1599 1085 1658 positam.
1157 1600 1276 1643 Tum
1317 1602 1527 1659 sequitur
1562 1601 1657 1645 ἀντὶ

131 1681 210 1722 τοῦ
234 1678 364 1729 οὔτις,
388 1676 512 1735 quod
538 1682 719 1735 spectat
744 1675 800 1719 ad
829 1691 869 1719 V.
899 1680 967 1720 82.
992 1675 1073 1718 ubi
1099 1683 1170 1720 est
1196 1674 1290 1719 οὐδέ
1311 1695 1391 1723 τις.

198 1753 250 1797 Ρ.
279 1758 374 1810 609,
403 1769 469 1796 21.
507 1751 647 1813 παρὰ]
679 1751 777 1812 περὶ
806 1751 868 1795 H.

197 1828 368 1882 P.610,
398 1834 462 1872 16.
506 1827 565 1873 τὰ
602 1829 830 1889 ἐργαλεῖα]
880 1827 1042 1872 Scribe
1080 1826 1138 1871 τὰ
1182 1833 1258 1879 τῆς·
1299 1828 1392 1876 νειὸς
1433 1829 1656 1890 ἐργαλεῖα,

129 1906 253 1966 quod
279 1921 371 1950 non
399 1905 548 1950 solum
575 1912 645 1949 est
671 1905 718 1948 in
748 1905 818 1955 E„
844 1904 922 1948 sed
952 1905 1094 1948 ctiam
1122 1904 1167 1947 in
1196 1903 1258 1948 H.
1431 1909 1494 1948 18.
1523 1904 1658 1966 Σαρι-

129 1985 278 2038 οῦσαν]
312 1982 463 2027 Recte
480 1982 689 2041 judicavi
722 1981 811 2025 hoc
836 1995 1009 2025 110111011
1035 1987 1307 2039 corruptum
1333 1996 1445 2026 esse.
1516 1979 1571 2025 In
1598 1981 1656 2026 O.

127 2063 285 2121 σαριοῦ
319 2060 543 2119 scriptum
582 2064 653 2102 est
692 2059 738 2102 in
781 2058 874 2103 fine
910 2058 1062 2109 lineae,
1101 2059 1240 2102 trium
1281 2059 1377 2103 fere
1417 2059 1655 2103 literarum

127 2137 276 2195 spatio
312 2136 490 2188 relicto,
527 2142 633 2194 post
666 2136 788 2194 quod
825 2135 947 2180 linea
983 2136 1196 2193 proxima
1221 2136 1383 2195 incipit
1409 2156 1490 2179 σαν
1516 2138 1657 2194 γήμας

127 2220 244 2259 etc.:
283 2213 407 2257 unde
432 2212 650 2272 neglecto
675 2211 853 2256 lacunae
886 2211 1059 2256 indicio
1091 2211 1340 2272 Σαριοῦσαν
1369 2214 1544 2256 factum
1569 2218 1654 2257 est.

130 2306 196 2345 24.
222 2291 421 2345 μαντεῖα]
453 2288 612 2340 μαντιά
639 2287 696 2333 Ο.
854 2302 920 2345 25.
949 2294 998 2332 et
1022 2303 1064 2347 p.
1087 2293 1182 2340 611,
1209 2302 1272 2343 17.
1300 2286 1346 2346 ἡ]
1377 2288 1538 2333 Scribe
1564 2290 1586 2339 ἡ
1613 2286 1657 2332 δὲ

126 2379 186 2410 ex
212 2363 270 2410 O.

195 2441 247 2485 P.
273 2446 369 2492 611,
397 2458 435 2498 3.
476 2440 666 2485 Uncum
707 2455 800 2483 non
842 2445 947 2498 post
985 2440 1176 2501 ἱστορία,
1219 2441 1298 2485 sed
1340 2446 1444 2499 post
1483 2440 1656 2485 lemma

128 2514 435 2568 Μελάμποδος
470 2532 644 2576 ponere
681 2515 883 2561 debebat
919 2516 1177 2574 typotheta.
1220 2517 1344 2578 ἑτέρα
1372 2517 1549 2578 ἱστορία
1575 2532 1655 2561 au-

128 2600 224 2636 tem
253 2593 574 2651 praescriptum
601 2599 672 2637 est
696 2593 805 2650 quia
829 2591 899 2635 hae
923 2592 1116 2652 ἱστορίαι
1144 2608 1250 2643 11011,
1278 2601 1329 2636 ut
1363 2609 1487 2637 1111110
1520 2594 1565 2637 111
1603 2594 1655 2637 11-

126 2669 220 2713 bris
255 2669 405 2720 editis,
443 2668 628 2712 scholiis
667 2668 954 2727 interpositis
989 2669 1273 2727 interruptae,
1312 2669 1391 2713 sed
1432 2671 1655 2714 continua

125 2745 243 2790 serie
279 2746 325 2789 in
364 2745 493 2788 libris
531 2744 734 2802 antiquis
772 2744 1064 2804 legebantur,
1104 2751 1159 2788 ut
1195 2745 1351 2804 paullo
1392 2752 1501 2790 ante
1540 2746 1651 2789 dixi.

124 2835 164 2878 5.
192 2822 324 2878 αὐτῷ]
367 2822 481 2864 αὐτό»
505 2820 604 2864 sine
629 2821 725 2865 iota
749 2821 807 2864 O.
1016 2837 1080 2865 12.
1112 2826 1208 2868 ταῖς
1233 2822 1356 2879 quod
1383 2837 1470 2880 ego
1494 2821 1651 2865 addidi

124 2897 269 2941 habet
293 2896 351 2941 Ο.
540 2913 605 2955 13.
631 2896 1038 2954 ἆπαγγειλαμένου]
1071 2896 1234 2940 Scribe
1260 2896 1652 2954 ἐπαγγειλαμένου,

126 2978 180 3015 ut
205 2978 272 3017 est
298 2972 347 3016 in
375 2971 565 3017 H.O.V.
592 2977 641 3016 et
664 2972 789 3016 haud
815 2971 956 3016 dubie
983 2972 1125 3016 etiam
1152 2972 1197 3015 in
1226 2972 1281 3024 Q.
