1907 3270
215 120 280 149 xx
369 81 371 83 ’
770 103 1171 149 PRAEFATIO.

216 234 302 279 ego
327 234 385 264 ex
413 218 484 262 M.
510 219 631 263 dedi.
680 220 733 277 τῇ
756 224 833 270 τῆς
857 219 917 264 Α.
1129 232 1222 275 105.
1250 217 1314 276 (p.
1343 222 1409 268 28,
1438 216 1495 273 7.)
1523 213 1685 276 Τάφος
1710 217 1732 266 ἡ

214 300 338 346 νῆσος
361 293 420 339 Α.
493 293 758 339 Delendum
787 297 822 345 ἡ,
844 295 965 352 quod
992 309 1083 338 om.
1106 292 1162 338 Ο.
1363 306 1456 349 107.
1479 297 1543 351 (p.
1563 295 1630 343 28,
1650 296 1729 344 10.)

214 368 375 414 Verba
402 370 575 423 βολίοις
599 368 654 413 τὸ
679 375 825 413 πεσεῖν
850 385 876 413 a
900 368 1122 412 Barnesio
1153 383 1214 413 ex
1246 369 1346 412 cod.
1375 368 1554 427 prolata
1589 366 1732 410 habet

212 445 353 489 etiam
381 446 464 490 O.:
501 446 659 490 Omisit
683 444 758 497 A.‚
779 445 887 503 quia
911 444 1107 503 intelligi
1137 459 1227 488 non
1253 450 1459 502 possunt.
1638 446 1731 487 108.

216 520 281 579 (p.
309 525 374 574 28,
400 524 485 580 11.)
509 520 566 565 τὸ
600 519 679 569 τὰς
710 521 878 580 βύρσας
902 519 962 564 Α.
1015 519 1070 564 τὸ
1101 519 1168 563 καὶ
1205 517 1283 566 τὰς
1318 519 1485 580 βύρσας
1511 518 1568 563 O.
1640 519 1732 563 Re-

209 604 331 642 ctam
377 599 649 656 scripturam
687 601 767 641 τοῦ
801 597 868 640 καὶ
905 595 984 644 τὰς
1020 598 1188 658 βύρσας
1221 612 1308 657 ego
1342 612 1400 641 ex
1433 594 1506 639 M.
1535 595 1580 640 S.
1608 596 1731 640 dedi.

214 679 307 718 116.
334 675 436 725 Θειή.
485 676 643 733 ποιήσῃ
670 673 727 719 Ο.
778 673 960 717 ΘΕΙΗ.
1009 675 1177 724 ποιήσει
1205 672 1265 717 Α.
1472 689 1565 730 131.
1593 670 1732 714 ΔΑΙ-

210 750 512 796 ΔΑΛΕΟΝ.
587 751 786 795 ποικίλον
827 750 888 795 Α.
936 758 1076 796 recte.
1151 749 1367 794 δαίδαλον.
1437 750 1637 793 ποικίλον
1672 750 1730 794 Ο.

212 831 305 885 138.
330 825 486 886 ξέστην
511 827 619 886 (hoc
657 827 894 884 accentu).
943 826 1019 877 τὴν
1051 829 1188 874 καλῶς
1217 825 1452 886 ἐξεσμένην,
1489 825 1598 885 ὅπερ
1633 824 1729 869 ἐστὶ

207 903 596 954 κατεσκευασμένην
620 903 676 947 O.
726 902 1022 949 ΞΕΣΤΗΝ.
1048 902 1126 953 τὴν
1149 905 1287 949 καλῶς
1311 901 1535 962 ἐξεσμένην
1559 900 1626 944 καὶ
1656 920 1732 944 κα-

207 979 542 1030 τεσκευασμένην
568 977 627 1022 Α.
841 995 932 1037 149.
961 979 1074 1024 Post
1097 979 1158 1038 gl.
1182 979 1351 1022 ἰἀλλον.
1405 975 1618 1029 ἐδίδοσαν,
1643 976 1731 1037 ἐξέ-

206 1075 346 1099 τειναν
372 1054 433 1098 A.
459 1055 602 1099 habet
627 1053 986 1099 NQMHEAN.
1034 1055 1248 1109 ἐμέρισαν.
1298 1069 1403 1112 quae
1427 1053 1489 1113 gl.
1515 1053 1560 1096 in
1587 1054 1645 1097 Ο.
1670 1053 1728 1097 ab

206 1131 296 1175 alia
333 1146 473 1175 manu
508 1131 699 1188 antiqua
734 1131 965 1189 adscripta
1000 1136 1181 1190 spectat
1213 1130 1270 1174 ad
1297 1144 1482 1174 versum
1519 1129 1725 1187 spurium

206 1218 233 1248 a
257 1203 531 1261 quibusdam
559 1210 661 1262 post
682 1219 722 1247 V.
745 1218 836 1260 147.
854 1205 1095 1248 insertum.
1302 1219 1394 1260 150.
1422 1202 1642 1247 Scholion
1669 1203 1727 1246 ad

206 1280 345 1324 verba
374 1285 493 1323 τοῖσι
523 1278 596 1330 μὲν
625 1279 679 1322 ε’νὶ
718 1279 875 1340 φρεσὶν
908 1278 1026 1323 ἄλλα
1062 1281 1237 1331 μεμήλει
1268 1279 1394 1334 (narn
1432 1278 1519 1322 hoc
1555 1277 1729 1322 lemma

206 1356 311 1416 est),
337 1357 678 1415 πιθανῶς--σχῇ
710 1357 754 1399 in
787 1355 843 1400 (s).
883 1355 1052 1415 legitur
1088 1362 1190 1414 pOSt
1225 1355 1425 1398 κανέοισι.
1484 1354 1725 1401 κανισκιόις.

204 1433 508 1491 TranSPOSUit
528 1432 588 1475 A.
796 1449 887 1489 151.
915 1432 1083 1479 πόσιος.
1132 1434 1286 1474 ποτοῦ.
1341 1431 1356 1489 ΙΙ
1379 1429 1562 1482 ἐδητύος.
1611 1430 1729 1491 βρώ-

205 1528 320 1556 σεως.
348 1507 404 1553 O.
456 1507 725 1553 ΠΟΣΙΟΣ.
775 1509 987 1568 βρώσεως.
1013 1506 1090 1560 Α.,
1117 1507 1296 1551 duabus
1319 1507 1483 1566 glossis
1509 1506 1725 1557 confusis,
1792 1562 1804 1569 -

204 1590 258 1629 ut
277 1585 333 1629 ad
355 1601 395 1628 V.
415 1598 480 1642 97.
496 1590 587 1640 167.
763 1585 824 1629 ib.
849 1586 1042 1636 μεμήλει.
1089 1584 1236 1633 ἔμελεν
1256 1582 1312 1627 O.
1360 1584 1553 1634 μεμήλει.
1601 1582 1727 1633 ἔμελ-

205 1665 277 1703 λεν
302 1659 363 1703 A.
572 1665 664 1716 167.
692 1662 913 1717 θαλπωρή.
962 1658 1095 1720 χαρὰ,
1115 1659 1381 1718 παραμυθία.
1429 1659 1614 1719 ἐλπωρή.
1657 1659 1724 1702 ἐλ-

204 1736 276 1783 πίς
300 1735 373 1788 0.,
399 1743 452 1780 ut
487 1752 546 1780 ex
582 1736 674 1780 alio
711 1735 827 1780 libro
865 1736 1127 1780 Barnesius.
1199 1734 1332 1779 Nihil
1372 1741 1536 1793 praeter
1565 1734 1728 1778 ΘΑΛ-

205 1810 408 1855 ΠΩΡΗ.
457 1812 580 1860 ἐλπίς
604 1810 664 1856 A.
920 1817 1012 1855 168.
1038 1810 1255 1854 ΦΗΣῙΝ
1280 1810 1340 1856 A.
1366 1812 1393 1855 1.
1420 1827 1459 1855 Θ.
1487 1814 1635 1872 φησιν,
1673 1819 1727 1856 ut

203 1888 426 1947 scriptum
464 1889 508 1931 in
537 1887 612 1940 0.,
647 1903 739 1932 non
774 1887 921 1949 φησίν,
958 1888 1081 1946 quod
1124 1887 1405 1931 recentiores
1445 1887 1727 1931 scholiorum

203 1967 404 2011 editores
449 1972 718 2026 posuerunt,
756 1973 917 2011 contra
958 1972 1168 2010 mentem
1210 1964 1479 2017 scholiastae,
1519 1965 1596 2022 qui
1644 1981 1728 2024 per

203 2042 328 2103 φαίη,
364 2041 458 2101 ε’ίπῃ
502 2042 719 2102 explicat.
943 2044 1036 2095 184.
1071 2041 1137 2098 (in
1178 2040 1481 2085 annotatione
1524 2055 1628 2084 mea
1667 2041 1725 2084 ad

202 2140 246 2182 p.
272 2133 339 2177 35,
365 2119 422 2175 1.)
449 2118 702 2179 βρεντέσιον
727 2117 785 2163 O.
834 2118 1083 2179 βρεντῖσιον
1108 2115 1168 2161 A.
1378 2120 1471 2173 185.
1499 2119 1561 2174 (Ι).
1583 2117 1723 2173 36,1.)

202 2193 259 2239 τὸ
284 2197 306 2246 ἡ
331 2194 375 2239 δε
399 2194 457 2240 O.
505 2194 560 2239 τὸ
585 2196 607 2246 ἦ
633 2193 677 2239 δὲ
700 2193 761 2240 A.
984 2211 1075 2252 193.
1101 2191 1354 2237 οἰνοπέδοιο.
1404 2191 1640 2252 οἰνοφόρου
1666 2190 1723 2235 Ο.

203 2269 621 2330 ΟῙΝΟΠΕΔΟΥ.
671 2271 908 2333 οἰνοφόρου
932 2269 992 2314 A.
1255 2283 1347 2326 197.
1375 2266 1510 2330 ζωιός.
1561 2264 1642 2329 ζῶν
1666 2268 1723 2312 O.

202 2346 387 2392 ΖΩΟΣ.
431 2345 512 2409 ζῶν
530 2347 592 2391 A.
786 2364 879 2393 202.
902 2351 964 2406 (p.
985 2363 1053 2405 37,
1073 2346 1159 2403 27.)
1184 2344 1325 2389 οὐτέτι
1346 2344 1393 2395 (i.
1410 2359 1449 2387 e.
1466 2343 1565 2386 οὔτε
1583 2343 1646 2399 τι)
1665 2341 1723 2387 O.

204 2422 336 2468 Male
361 2423 618 2469 ΟΥΚΕΤΙ
645 2423 706 2467 A.
889 2440 983 2478 204.
1008 2423 1147 2482 ἔχῃσι.
1189 2420 1361 2481 κατέχει
1383 2418 1440 2464 O.
1490 2417 1724 2462 ΕΧΗΣῙ.

200 2499 362 2559 κατέχῃ
388 2498 448 2543 Α.
671 2516 765 2558 213.
797 2500 1068 2551 πεπνυμένος.
1116 2496 1452 2558 σεσοφισμένος.
1500 2494 1724 2538 πεπαιδευ-

199 2575 336 2628 μένος,
361 2575 532 2623 συνετὸς
557 2574 615 2632 εἷ]
649 2576 727 2620 Sic
754 2577 812 2622 O.
839 2577 883 2620 in
911 2576 1120 2636 margine
1150 2590 1176 2618 a
1205 2589 1345 2617 manu
1378 2571 1536 2631 paullo
1565 2587 1724 2616 recen-

201 2652 335 2696 tiore.
404 2651 909 2697 ΠΕΙΙΝΥΜΕΝΟΣ.
970 2650 1304 2712 σεσοφισμένος.
1370 2646 1724 2691 ΙΙΕΠΕΔΕΥ-

201 2747 459 2793 MENOZ.
508 2749 680 2796 συνετὸς
704 2749 743 2793 εἶ
763 2749 824 2794 Α.
1032 2754 1125 2795 218.
1151 2746 1377 2793 κτεάτεσιν
1402 2746 1569 2805 (altero
1595 2765 1625 2787 σ
1649 2760 1723 2789 su-

200 2826 490 2883 perscripto).
539 2827 732 2884 χρήμασι
760 2830 814 2870 O.
865 2824 1083 2870 κτεάτεσι.
1132 2827 1325 2885 χρήμασι
1354 2823 1414 2867 A·
1625 2827 1720 2866 226-

205 2905 261 2958 (p.
282 2918 350 2954 41,
366 2918 379 2943 1
394 2901 449 2951 1.)
475 2902 686 2951 κομίσειεν
707 2900 762 2946 O.
812 2904 1031 2954 κομήσειεν
1058 2901 1119 2945 A.
1343 2915 1436 2958 232.
1458 2898 1519 2957 (p.
1539 2914 1607 2953 41‚
1632 2901 1719 2955 24.)
