1907 3270
715 113 1113 159 PRAEFATIO.
1622 127 1680 155 xv

224 232 443 291 Denique
469 234 702 293 excerptis
727 235 1004 291 quibusdam
1030 235 1240 278 brevium
1267 233 1548 278 scholiorum
1577 248 1601 276 e
1627 231 1680 276 li-

160 308 254 353 bris
278 309 721 354 Vindobonensibus
747 310 895 354 tribus
921 315 984 370 (5.
1012 312 1088 370 56.
1113 319 1160 355 et
1193 314 1317 371 133.)
1343 310 1412 354 usi
1439 323 1598 354 sumus
1621 308 1680 353 ab

155 385 323 430 Altero
363 387 608 445 propositis
646 388 692 430 in
736 387 941 431 editione
981 386 1201 446 Odyssea)
1236 386 1595 432 Vindobonensi
1639 400 1679 430 3.

162 475 312 522 1794,
338 477 440 521 quae
466 464 625 523 exigui
651 465 878 509 momenti
905 471 1028 508 sunt.

222 538 382 583 Litera
408 539 471 584 V.
497 540 671 585 scholia
706 541 1048 600 designavimus
1074 556 1175 599 quae
1204 539 1415 600 Vulgata
1440 540 1530 593 vel,
1556 554 1682 583 com-

154 618 392 675 paratione
426 618 549 662 facta
573 633 678 662 cum
713 617 949 662 Eustathii
984 618 1347 670 commentariis,
1372 618 1564 670 minora,
1592 616 1682 670 vel,

153 694 277 752 quod
333 694 460 739 nulla
516 696 694 740 ratione
741 696 920 747 nititur,
980 695 1168 754 Didymi
1229 693 1450 754 appellari
1511 694 1678 739 solent.

154 770 329 830 Ampla
361 770 457 815 haec
494 772 667 816 scholia
706 787 850 831 quum
886 773 933 816 in
968 771 1162 816 Iliadem
1201 780 1301 816 tum
1333 772 1380 815 in
1421 769 1680 830 Odysseam

152 847 328 906 primus
370 848 552 908 integra
591 852 715 907 (nam
756 849 901 893 editio
946 848 1158 893 Romana
1195 863 1234 892 3.
1278 859 1416 907 1517.
1459 847 1517 892 ab
1559 846 1681 892 Jano

153 922 340 968 Lascari
367 924 490 969 facta
521 926 617 970 sola
647 927 861 971 continet
894 924 1068 970 scholia
1093 926 1139 969 in
1174 923 1392 982 Iliadem)
1423 924 1571 968 edidit
1595 923 1682 968 Al-

152 1001 238 1045 dus
258 1001 502 1046 Manutius
523 1003 706 1047 duobus
725 1002 1056 1056 voluminibus⁷
1078 1017 1274 1061 quorum
1292 1002 1419 1060 prius
1436 1003 1495 1059 (a.
1521 1003 1680 1061 1521.)

151 1077 325 1121 scholia
365 1079 411 1121 in
452 1077 665 1131 Iliadem,
707 1079 907 1124 alterum
951 1080 1009 1136 (a.
1038 1079 1189 1138 1528„
1234 1093 1449 1123 recusum
1495 1077 1682 1123 Parisiis

150 1168 189 1197 a.
218 1169 233 1197 1
245 1166 270 1214 5
279 1170 354 1214 30.
381 1155 438 1199 ab
464 1154 673 1200 Gerardo
701 1155 935 1213 Morrhio)
964 1156 1010 1199 in
1036 1154 1294 1214 Odysseam
1331 1155 1556 1206 continet,
1594 1169 1680 1199 sae-

149 1232 253 1289 pius
278 1232 478 1291 repetita
501 1233 559 1276 ab
585 1233 884 1293 typographis
910 1231 1255 1277 Basileensibus
1285 1233 1344 1288 (a.
1370 1244 1509 1291 1531.
1541 1243 1679 1291 1535.

157 1307 293 1368 1538.
320 1321 456 1367 1541.
483 1322 619 1368 1551.
645 1310 824 1369 1557.),
843 1317 943 1353 tum
966 1310 1022 1353 ab
1044 1308 1095 1353 C.
1115 1307 1401 1360 Schrevelio‚
1423 1308 1502 1366 qui
1529 1307 1680 1353 multo

148 1383 283 1443 plura
307 1400 445 1443 quam
483 1386 687 1430 editores
720 1385 1012 1431 Basileenses
1045 1392 1224 1429 temere
1257 1385 1471 1435 mutavit,
1502 1385 1548 1428 in
1583 1385 1681 1429 edi-

150 1461 278 1505 tione
307 1461 600 1521 negligenter
624 1463 845 1521 impressa
869 1462 1216 1507 Amstelodami
1243 1478 1282 1506 a.
1301 1463 1355 1505 16
1362 1461 1452 1521 56„
1479 1462 1680 1520 denique

148 1537 207 1581 ab
227 1537 372 1582 Josua
391 1537 614 1583 Barnesio
636 1539 684 1582 in
707 1540 916 1584 editione
935 1538 1308 1599 Cantabrigiensi
1334 1554 1374 1582 3.
1395 1550 1474 1598 171
1494 1554 1508 1581 1
1523 1574 1544 1591 .,
1566 1538 1680 1583 duo-

148 1615 235 1659 bus
271 1630 354 1659 uso
391 1615 529 1668 libris,
560 1616 617 1660 de
650 1615 818 1674 quibus
852 1617 972 1660 dixit
1008 1618 1054 1660 in
1093 1615 1413 1660 Praefationee.
1486 1614 1678 1675 Didymi

148 1704 333 1742 nomen,
360 1691 407 1734 in
433 1690 575 1742 nullo,
600 1697 653 1734 ut
678 1692 879 1742 videtur,
905 1692 1064 1735 codiee
1100 1692 1343 1735 inventum
1370 1706 1521 1749 neque
1547 1690 1679 1734 scho-

149 1765 220 1809 liis
253 1766 299 1808 in
330 1765 527 1810 Iliadem
567 1768 613 1810 in
644 1766 929 1811 editionibus
957 1771 1164 1811 Romana
1189 1773 1235 1811 et
1261 1766 1439 1810 Aldina
1476 1767 1679 1825 praescri-

147 1850 297 1900 ptum,
335 1843 536 1901 primum
573 1851 765 1902 apparet
802 1844 847 1887 in
885 1843 1166 1888 scholiorum
1206 1845 1250 1887 in
1287 1843 1541 1903 Odyssean]
1582 1844 1680 1888 edi-

148 1919 276 1963 tiOne
301 1918 479 1963 Aldina
503 1920 566 1963 Sic
591 1920 811 1978 inscripta
837 1918 1061 1972 “Διὸύμου
1084 1923 1164 1964 τοῦ
1188 1917 1499 1964 παλαιοτάτου
1523 1921 1577 1968 εἷς
1603 1919 1679 1971 τὴν

145 1993 403 2039 Ὀδύσσειαν
439 1996 654 2057 ἐξήγησις.
719 1995 920 2057 Didymi
954 1997 1268 2057 antiquissimi
1302 1997 1503 2042 auctoris
1540 1997 1679 2042 inter-

138 2072 339 2131 pretatio
364 2074 412 2116 in
442 2072 715 2133 Odyssean?
743 2074 864 2118 haud
896 2075 1038 2118 dubie
1069 2075 1126 2118 ab
1153 2073 1381 2126 Asulauo,
1409 2074 1540 2132 cujus
1576 2075 1679 2120 haec

147 2154 219 2193 est
255 2148 471 2195 Praefatio
512 2149 831 2196 “Franciseas·
873 2150 1110 2196 Asatanas
1152 2149 1336 2195 Lectori
1373 2170 1406 2195 s.
1445 2150 1488 2194 d.
1564 2151 1680 2198 Cam

147 2223 346 2285 Didymi
387 2226 799 2287 interpretationem
845 2229 893 2272 in
930 2227 1088 2272 Iliada
1131 2227 1336 2272 ederem:
1389 2227 1575 2272 memini
1614 2243 1682 2273 me

146 2317 319 2347 summo
354 2302 504 2348 stadio
540 2302 764 2349 laborasse
800 2310 848 2349 ut
884 2320 981 2349 eum
1020 2320 1070 2349 ea
1107 2302 1299 2363 eja-§dem
1341 2305 1387 2348 in
1428 2302 1677 2365 Odysseam

146 2379 479 2425 enarrationem
518 2381 842 2442 cory’zmyerem.
917 2380 1129 2425 Videbam
1165 2381 1281 2425 enim
1321 2380 1382 2425 ad
1418 2396 1682 2442 eofflzoscen-

146 2454 250 2499 dam
280 2456 537 2517 principem
579 2455 721 2511 illam,
756 2464 795 2502 et
826 2463 1064 2518 poetaram
1105 2458 1304 2502 omnium
1341 2458 1472 2517 qnasi
1499 2456 1680 2517 fontem

199 2615 214 2634 e
246 2617 267 2628 “
284 2609 521 2646 Scholiorum
544 2611 692 2658 quidem
715 2612 864 2647 unicum
890 2612 988 2647 nacti
1019 2624 1146 2646 sumus
1168 2611 1359 2658 exemplar
1382 2610 1466 2646 MS.
1490 2611 1525 2645 in
1549 2611 1673 2647 Colle-

145 2673 208 2721 gio
242 2674 600 2716 Gonvillo-Caiensi‚
634 2675 899 2724 Cantabrigiae‚
928 2681 1182 2722 pervetustum
1214 2687 1300 2710 sane
1332 2674 1432 2715 illud,
1468 2688 1535 2711 nec
1568 2675 1674 2711 facile

143 2738 258 2773 cuivis
288 2739 501 2786 legendum.
532 2740 630 2786 quod
661 2740 705 2775 ad
731 2740 940 2788 Odyssean]
974 2746 1119 2775 tantum
1150 2740 1311 2787 pertinet
1342 2751 1409 2774 nec
1439 2739 1535 2774 ultra
1564 2740 1622 2783 τὴν
1648 2740 1676 2782 η’

142 2803 332 2851 ῥαψῳδίαν,
364 2804 531 2851 ejusdem
553 2817 700 2840 versum
725 2816 785 2852 54.
808 2806 1060 2841 continuatur.
1120 2804 1267 2851 Aloysii
1299 2816 1445 2850 quoque
1472 2803 1675 2838 Alemanni

143 2867 293 2902 scholiis
320 2867 437 2904 MSS.
461 2869 498 2904 in
530 2875 648 2905 totam
674 2869 884 2917 Odyssean]
916 2882 982 2904 nos
1015 2870 1083 2916 ipsi
1115 2868 1340 2908 fruebamur,
1373 2880 1418 2903 ex
1452 2867 1677 2902 Florentinae

142 2931 333 2972 editionis,
357 2933 403 2968 ad
425 2933 652 2969 Etonensem
676 2934 946 2970 Bibliothecam
967 2934 1199 2981 pertinentis,
1223 2932 1429 2978 margine.’'
