1907 3270
674 121 1083 170 PRAEFATIO.
1530 122 1642 166 lxvii

189 234 241 279 P.
260 238 356 292 687,
377 252 445 294 30.
473 234 813 282 ὁποῖον-ἔτεος
837 250 928 279 om.
955 236 1098 279 etiam
1125 233 1204 288 O„
1228 236 1307 294 qui
1333 235 1645 294 praecedentia

123 311 262 356 verba
285 311 344 355 ab
368 311 458 356 alia
482 312 674 369 antiqua
697 325 838 354 mauu
864 310 1020 354 habet.

189 387 243 431 P.
270 391 366 444 692,
398 403 586 444 19—22.
624 387 805 431 Iterum
834 385 892 431 ab
920 386 1011 430 alia
1035 402 1174 431 manu
1200 388 1391 446 antiqua
1415 387 1558 433 habet
1583 384 1643 432 O.

122 463 257 507 Idem
282 462 534 507 dicendum
560 463 617 506 de
642 477 685 522 p.
706 467 804 519 694,
831 478 869 507 2.
895 479 934 520 3.

188 538 243 582 P.
270 543 365 597 695,
396 552 459 596 15.
499 538 763 597 Utramque
798 537 1016 591 ὑπόθεσιν,
1043 539 1123 583 sed
1159 539 1341 584 inverso
1366 540 1543 593 ordine,
1565 538 1648 583 ha-

121 613 203 658 bet
245 612 323 668 O„
359 621 575 659 neutram
612 613 677 659 H.
748 613 916 659 Altera
950 620 1021 659 est
1054 615 1196 659 etiam
1234 615 1281 658 in
1315 614 1375 659 D.
1582 628 1646 671 17.

121 688 355 748 ἀνατεῖναι]
386 690 560 734 ἐντεῖναι
589 689 650 735 O.
789 707 856 736 20.
883 690 1047 746 ἑαυτῆς]
1078 690 1141 733 ἐπ’
1170 690 1295 742 αὐτῆς
1321 688 1381 735 O.

190 766 244 811 P.
271 771 367 824 696,
394 783 528 823 2—4.
566 766 784 811 Delenda
822 767 1065 812 annotatio
1100 782 1159 812 ex
1196 766 1353 827 Etym.
1382 766 1453 810 M.
1478 782 1525 826 p.
1548 780 1648 824 551,

123 847 192 900 36.
235 843 500 902 compilata,
540 858 678 902 quam
716 843 764 887 in
807 841 867 887 O.
909 843 1153 902 adscripsit
1196 858 1360 887 manus
1403 843 1651 888 recentior.

125 932 191 976 25.
218 917 326 964 Hoc
351 919 558 964 scholion
583 920 631 963 in
663 918 723 964 O.
749 919 922 979 legitur
945 919 992 963 in
1017 919 1110 965 fine
1144 919 1248 964 libri
1285 925 1391 979 post
1415 921 1650 980 glossema

124 995 251 1040 verbi
277 995 507 1057 ἀμφέθετο
528 998 589 1055 (v.
615 999 735 1054 431.)
760 996 849 1040 hoc
874 997 1028 1049 modo,

256 1071 485 1133 ἀμφέθετο
591 1107 599 1115 .
702 1072 884 1132 ἐπεῖχεν.
969 1071 1235 1133 ηὖτρέπισεν.
1371 1069 1527 1115 δώδεκα

255 1146 419 1208 ἰ’φιτοσ
444 1145 568 1191 αὗται
593 1148 763 1191 ἵππουσ
789 1144 1032 1209 ὂιζήμενοσ.
1070 1147 1155 1191 αἰὀι
1181 1147 1344 1192 ὄλοντο
1370 1149 1549 1199 θήλειαι.

255 1222 419 1284 ἵφιτοσ
444 1223 619 1284 εὐρύτου
643 1230 732 1268 etc.

125 1297 254 1344 Hinc
283 1300 331 1344 in
355 1300 561 1345 editione
589 1298 763 1345 Aldina.
782 1314 1007 1345 excusum
1033 1298 1432 1344 ΑΜΦΕΘΕΤΟ.
1469 1300 1651 1362 ἐπεῖχεν,

124 1376 392 1437 ηὖτρέπισεν.
430 1375 709 1420 ΔΩΔΕΚΑ
734 1376 968 1421 ῙΦῙΤΟΥ
986 1375 1215 1420 ΑΥΤΑΙ.
1249 1377 1408 1425 ἵππους·
1434 1374 1653 1440 διζήμενος

124 1453 250 1497 α’ἶσον
273 1453 378 1497 ὅλον
402 1474 453 1498 τε
478 1456 658 1505 θήλειαι.
694 1454 846 1515 ἰ’φιτος
871 1454 1043 1515 εὖρύτου
1067 1460 1157 1499 etc.
1185 1470 1278 1499 non
1307 1454 1551 1500 intellecto
1577 1453 1655 1498 δώ-

124 1527 221 1573 δεκα
252 1535 362 1574 ante
387 1532 551 1580 Θὴλειαι
588 1530 889 1574 inserendum
923 1530 1064 1575 fuisse
1090 1535 1139 1574 et
1163 1529 1402 1583 lemmate,
1428 1529 1553 1589 quod
1577 1545 1655 1575 us-

124 1620 216 1664 que
239 1606 297 1650 ad
325 1608 487 1657 Θὴλειαι
515 1607 731 1665 pertinet,
758 1607 927 1666 partim
952 1621 1035 1665 pro
1060 1606 1323 1651 scholiastae
1348 1607 1652 1652 annotatione

123 1681 297 1735 habito,
324 1682 595 1741 levibusque
635 1683 769 1735 vitiis,
794 1679 918 1726 αὗται
955 1697 1036 1741 pro
1070 1680 1172 1726 αὖτε
1208 1689 1256 1727 et
1281 1682 1365 1726 αἰὀι
1399 1698 1481 1741 pro
1515 1683 1562 1726 αἵ
1595 1702 1651 1739 οι,

123 1757 272 1801 altero
297 1773 390 1802 non
415 1764 638 1811 correcto,
664 1758 812 1803 altero
838 1758 1033 1803 ulterius
1059 1759 1325 1818 depravato.

192 1833 246 1877 P.
267 1837 364 1892 698,
387 1837 451 1878 18.
482 1833 542 1878 O.
568 1840 621 1878 ut
647 1834 807 1895 vulgo,
842 1836 929 1879 nisi
954 1835 1081 1894 quod
1106 1835 1316 1894 μεγίστηι
1343 1850 1449 1880 cum
1475 1836 1573 1881 iota
1593 1836 1652 1881 ad

123 1910 309 1970 scripto.
501 1927 565 1967 19.
591 1908 1048 1971 ἱρὸν-στασιασταί]
1080 1910 1553 1973 ἱερὸν-στασιασταὶ,
1576 1932 1652 1965 μυ-

124 1986 255 2038 θηταῖ
278 1988 334 2031 O.

191 2062 244 2107 P.
269 2068 368 2122 699,
395 2081 435 2122 3.
470 2062 718 2120 μυνάμενος]
759 2065 959 2124 Syilabae
993 2065 1152 2124 primae
1184 2086 1216 2109 ει
1251 2081 1278 2110 a
1302 2081 1363 2111 m.
1389 2065 1650 2111 recentiore

123 2141 489 2200 superscriptum
514 2141 562 2185 in
588 2140 645 2186 Ο.
797 2139 949 2198 ἄλλοι]
981 2139 1101 2185 ἀλλὰ
1128 2142 1231 2202 (sic)
1258 2141 1314 2186 O.

192 2216 246 2261 P.
274 2231 369 2274 700,
396 2222 436 2261 6.
474 2215 595 2278 παρὰ
630 2215 687 2262 τὸ
722 2233 811 2263 ΟῙΥΙχ
851 2219 924 2271 0.,
963 2217 1106 2263 habet
1143 2233 1253 2263 vero
1291 2217 1561 2263 σκέπτεσθαι
1597 2224 1652 2263 ut

124 2291 309 2337 Buttm.
334 2310 417 2354 pro
442 2294 696 2339 σκέπεσθαι.
868 2299 934 2340 26.
963 2293 1050 2339 Est
1068 2294 1279 2339 scholion
1304 2309 1469 2339 manus
1493 2310 1652 2340 recen-

124 2369 254 2414 tioris
278 2371 326 2414 in
353 2367 414 2414 O.

192 2445 246 2489 P.
269 2460 363 2503 702,
388 2464 425 2491 1.
462 2446 611 2492 Recte
637 2448 793 2492 omnia
816 2447 988 2506 scripta
1011 2447 1205 2492 exhibet
1228 2446 1289 2492 O.
1314 2445 1423 2494 οἶνος
1447 2446 1514 2490 καὶ
1541 2445 1652 2491 Κέν-

123 2541 284 2584 ταυρον
315 2521 564 2582 ἀγακλυτὸν
590 2522 866 2585 Εὐρυτίωναῐ
895 2520 1095 2584 οΌμηρος
1119 2522 1195 2575 μὲν
1227 2524 1299 2567 ἕνα
1324 2525 1410 2568 τῶν
1435 2529 1540 2577 etc„
1563 2523 1652 2568 nisi

125 2599 249 2656 quod
285 2615 368 2658 pro
405 2598 653 2661 Εὐρυτίωνα
692 2599 835 2645 habet
870 2599 1071 2660 εὐρυτίω.,
1106 2601 1232 2644 unde
1274 2599 1487 2645 mirabile
1525 2601 1652 2645 istud

124 2674 280 2736 εὐρύτῳ
312 2676 533 2720 editionis
571 2674 764 2720 Aldinae
798 2682 966 2720 ortum.
1178 2693 1216 2722 2.
1251 2675 1463 2737 Πειρίθου
1499 2674 1644 2735 γάμῳ]

124 2751 302 2813 πειρῖθω
326 2748 471 2810 γάμου
495 2749 556 2796 O.
659 2769 698 2810 3.
724 2749 949 2813 ἆδρᾶστου
973 2753 1116 2797 etiam
1142 2751 1200 2797 O.
1303 2770 1344 2808 4.
1378 2772 1445 2796 και
1471 2768 1562 2797 om.
1590 2750 1649 2797 O.

124 2842 164 2884 5.
189 2824 406 2888 ἁρπάσαι]
437 2824 707 2889 ἁρπάξαιΟ
711 2863 720 2871 .
882 2832 921 2872 8.
948 2826 1173 2888 δεξάμενος·
1197 2828 1341 2874 etlam
1367 2826 1427 2873 Ο.
1609 2845 1648 2885 9

124 2903 307 2965 καιρίως]
338 2904 483 2965 κυρίως
508 2902 570 2949 O.
720 2908 786 2948 16.
813 2906 933 2960 θεῶν]
967 2904 1130 2950 Scribe
1153 2908 1239 2950 τῶν
1263 2907 1366 2950 θεῶν
1391 2918 1497 2948 cum
1524 2901 1583 2948 O.
1588 2902 1647 2948 V.

129 2982 194 3021 16.
230 2978 357 3033 πιὼν]
388 2980 555 3030 σπίσας
580 2980 640 3026 Ο.
667 2982 798 3041 quasi
824 2980 1009 3030 σπείσας
1032 2981 1232 3027 scribere
1259 2979 1471 3026 voluerit

852 3072 877 3101 Θ
904 3074 926 3102 2
