1907 3270
662 102 1066 149 PR-AEFATIO.
1526 103 1627 148 xlix

103 215 293 279 ἥρπαξεν
317 217 376 264 D.
586 235 648 276 19.
677 218 840 278 Διώνη]
870 218 1002 271 διαίνη
1030 219 1087 263 D.
1303 236 1369 266 20.
1397 217 1457 262 D.
1482 218 1626 269 addit,

102 294 284 353 λέγεται
311 293 355 338 δὲ
378 294 629 355 ἀμφιτρίτη
659 295 726 338 καὶ
753 297 774 346 ἦ
795 293 1005 340 θάλασσα
1033 295 1100 339 ὅτι
1128 296 1257 356 τρίτη
1283 295 1403 340 ἐστὶν
1426 294 1629 355 ἀμφοτέ-

101 374 234 432 ρωθεν
260 373 281 423 ἡ
308 369 532 416 Θάλασσα.
604 371 738 417 Idem
766 372 907 417 habet
931 371 1136 416 scholion
1164 373 1445 430 proximum.

171 446 223 491 P.
246 451 339 500 128,
367 464 405 493 2.
444 446 521 491 Ad
550 464 589 492 V.
612 465 679 504 94.
707 447 764 492 D.
841 446 1113 508 Πορφυριόυ.
1152 448 1455 508 ὀφθαλμοῖσιν
1488 448 1627 491 ἑοῖο-ιζ

103 521 212 585 πρὸς
253 522 591 575 ἆντιδιαστολην
633 521 701 567 διὰ
743 522 992 584 φαντασίας
1033 523 1282 577 βλέποντος
1322 522 1471 583 ὥσπερ
1514 520 1627 567 κατὰ

102 598 203 647 τοὺς
226 598 376 647 ὕπνους
400 600 506 660 ὁρᾶν
530 620 572 644 τι
601 599 801 652 δοκοῦμεν
825 600 891 643 καὶ
919 598 1198 656 διηγουμένων
1223 598 1369 643 ἄλλων
1400 597 1629 643 ἀναπλάσ-

102 697 254 725 σοντες
277 675 334 721 τὰ
362 675 623 735 διηγήματα.
661 675 716 721 τὸ
738 676 781 721 δὲ
800 678 981 722 Θεᾶσθαι
1003 676 1054 720 δι’
1075 678 1319 738 ὀφθαλμῶν
1340 677 1530 728 σημαίνει
1551 676 1628 728 τὴν

103 752 261 814 ε’ναργῆ
282 753 380 798 Θέαν
404 754 470 797 καὶ
491 754 569 806 τὴν
588 753 638 798 δι’
655 755 787 798 αὐτοῦ
809 751 1068 812 κατάληψιν
1089 751 1155 797 διὰ
1175 758 1251 805 τῆς
1270 753 1420 801 οἷκειάς
1441 751 1549 812 πρὸς
1572 751 1629 797 τὸ

103 830 315 891 ὁρώμενον
340 831 576 882 αἰσθήσεως
592 847 671 876 2——
897 835 935 874 8.
961 828 1253 888 ταῦτα-τὸ]
1284 830 1445 875 Scribe
1468 827 1630 874 ταυτὸν

105 905 263 962 (ταῦτό
290 906 487 966 1))-τῷ
511 923 571 951 ΘΧ
597 907 724 951 D.H.

171 984 224 1028 Ρ.
246 1000 338 1041 129,
360 1002 398 1042 9.
425 982 766 1036 ἀπὸ-ἔμνησας
786 999 875 1029 om.
897 983 1026 1029 D.H.
1045 1000 1054 1028 ε
1089 985 1168 1029 sed
1197 983 1260 1027 H.
1288 998 1426 1043 supra
1444 997 1631 1028 versum

103 1059 194 1104 ἀπὸ
216 1064 357 1104 κοινοῦ
380 1059 435 1105 τὸ
460 1061 706 1112 ἀνέτλημεν.

172 1137 226 1180 Ρ.
249 1154 340 1196 130,
362 1154 428 1193 24.
455 1138 651 1196 ’γενναίως
672 1136 894 1199 φέροντα]
921 1138 1118 1199 φέροντα
1144 1137 1340 1196 ’γενναίως
1361 1137 1438 1189 H..
1458 1152 1549 1180 non
1570 1137 1632 1181 D.

172 1214 225 1258 P.
250 1232 342 1273 131,
365 1231 399 1258 1.
436 1214 705 1275 ὑπέρβατον]
751 1214 902 1260 Recto
937 1221 1149 1267 accentu,
1177 1215 1255 1273 qui
1292 1214 1464 1273 ubique
1502 1213 1634 1257 resti-

104 1292 320 1344 tuendus,
346 1299 394 1336 et
419 1306 558 1350 quem
597 1290 661 1335 H.
688 1306 875 1350 quoque
911 1298 1181 1336 constanter
1216 1291 1406 1350 praebet,
1442 1290 1633 1351 ὑπερβα-

103 1365 183 1412 τὸν
212 1367 269 1412 D.
456 1385 522 1423 24.
548 1367 677 1411 ἆντὶτ
702 1371 750 1411 οῦ
773 1375 823 1412 et
847 1368 950 1411 ἀλλ’
975 1366 1210 1427 ἕνα-ἑξῆς
1237 1383 1327 1411 om.
1357 1367 1420 1411 H.

173 1444 226 1489 P.
251 1461 343 1503 132,
370 1458 432 1501 17.
460 1442 662 1503 γένηται]
691 1448 837 1495 νοῆται
866 1444 997 1490 Ῑ).Η.
1054 1444 1242 1489 Falsum
1264 1450 1337 1489 est
1355 1444 1402 1487 in
1425 1443 1637 1487 H.addi-

105 1527 207 1565 tum
234 1536 334 1566 eSSe
360 1524 438 1565 νῦν.
582 1519 694 1565 κατὰ
719 1519 774 1566 τὸ
800 1521 963 1582 ὄρνιθες
987 1518 1041 1570 ὣς
1065 1536 1157 1566 om.
1186 1520 1314 1565 D.H.
1476 1533 1541 1577 25.
1567 1518 1635 1562 καὶ

105 1597 249 1644 ἄλλως
275 1598 339 1642 Η.
595 1614 665 1657 30.
695 1597 958 1660 Πορφύριος
982 1598 1303 1659 praescriptum
1331 1597 1378 1640 in
1406 1596 1466 1640 D.
1491 1596 1569 1654 qui
1594 1594 1636 1638 ἐν

101 1672 261 1719 Ἰλιάδι
287 1690 378 1719 om.

175 1751 228 1795 P.
255 1768 348 1810 133.
372 1766 410 1807 7.
436 1752 503 1795 καὶ
530 1749 674 1798 ἄλλως
699 1766 789 1794 om.
813 1750 871 1795 D.
922 1750 977 1794 In
1003 1757 1161 1795 annot.
1188 1749 1274 1794 coi.
1298 1766 1335 1793 2.
1363 1749 1441 1793 lin.
1461 1754 1499 1793 6.
1525 1753 1636 1793 ante

107 1828 293 1879 ἀέσαμεν
317 1828 495 1872 excidit
521 1842 744 1872 numerus
772 1844 838 1873 22.
1030 1843 1095 1871 20.
1124 1826 1381 1887 γέγραπται
1409 1825 1552 1870 habet
1577 1824 1636 1868 D.

176 1905 228 1949 P.
251 1921 342 1962 134,
363 1922 402 1962 3.
429 1905 486 1948 ad
514 1920 553 1948 v.
587 1908 679 1959 164.
707 1905 751 1947 in
782 1903 844 1948 H.
871 1904 969 1949 ἐπίζ
997 1904 1068 1946 οὐκ
1094 1902 1424 1964 ἀναστρεπτέον
1449 1901 1527 1953 τὴν
1550 1900 1637 1944 ε’πῖ.

175 1981 225 2025 Ρ.
251 1997 344 2040 135,
370 1999 409 2040 3.
438 1979 493 2040 ν’]
525 2002 558 2025 π
583 1981 724 2026 etiam
753 1980 873 2025 D.O.
1049 1986 1089 2024 6.
1115 1979 1305 2041 Ψυρῖων]
1332 1977 1484 2039 ψυρῶν
1510 1977 1631 2023 D.O.

112 2075 176 2115 19.
202 2059 225 2102 ὁ
253 2056 479 2102 Ποσειδῶν
507 2064 611 2116 post
636 2057 864 2118 Γεραιστῷ
889 2057 1033 2101 habet
1054 2056 1115 2101 D.

175 2133 227 2179 P.
258 2139 352 2194 136,
383 2149 447 2190 17.
489 2133 725 2185 ἀπήντησε·
783 2132 918 2193 φίλος
961 2130 1050 2193 γὰρ
1091 2130 1173 2190 τὸ]
1220 2131 1381 2177 Scribe
1418 2130 1641 2180 ἀπήντησε

109 2210 255 2271 φίλος·
289 2208 343 2254 τὸ
370 2208 458 2271 γὰρ
485 2225 543 2254 ex
571 2211 628 2254 O.
770 2207 1019 2270 οὐδέτερον]
1049 2208 1275 2269 οὐθέτερον
1301 2206 1427 2252 O.V.
1571 2224 1637 2254 22.

108 2285 289 2347 σιδηρῶν
316 2286 543 2345 Θεμελίων]
574 2286 651 2330 Sic
677 2286 820 2330 etiam
846 2284 906 2329 D.

177 2363 230 2407 P.
255 2377 348 2422 137,
370 2377 434 2420 15.
459 2367 670 2414 μετ-ἦκται
699 2361 742 2406 δὲ
767 2361 983 2421 ἐπίρρημα
1010 2377 1151 2420 prava
1178 2360 1386 2405 Crameri
1416 2361 1642 2406 correctio

109 2447 194 2484 est.
254 2439 416 2484 Scribe
440 2443 647 2490 μετῆκται
684 2437 727 2482 δὲ
755 2436 811 2482 τὸ
837 2437 1079 2498 ἐγχείρημα
1107 2452 1165 2482 ΘΧ
1188 2436 1254 2481 H.
1283 2438 1381 2497 (qui
1408 2437 1548 2482 Verba
1570 2457 1644 2489 με-

108 2514 433 2576 τῆκται--πυρῖ
460 2519 554 2565 νῆας
580 2515 721 2559 habet
748 2520 852 2572 post
877 2513 1087 2559 ἐπιπόνως
1113 2513 1142 2558 l.
1172 2516 1257 2571 17.)
1282 2520 1331 2558 et
1357 2513 1415 2557 D.
1576 2529 1641 2569 17.

111 2593 378 2637 Delendum
407 2592 544 2653 ἀξίως,
570 2593 695 2650 quod
721 2607 813 2636 om.
841 2589 968 2636 D.H.

178 2669 229 2714 P.
253 2672 344 2728 138,
369 2684 408 2727 5.
447 2668 579 2715 οὕτως
606 2667 664 2712 D.
692 2674 744 2712 ut
771 2667 1105 2711 Buttmannus.
1321 2672 1386 2711 16.
1411 2666 1645 2727 ἐξηγητέον

111 2752 214 2805 post
273 2746 424 2789 ἐκεῖθεν
484 2744 546 2788 H.
824 2761 891 2799 24.
951 2745 1124 2805 ἱστορεῖ
1172 2742 1406 2804 ”Εφορος]
1471 2744 1645 2802 ἱστορεῖ

110 2821 177 2865 καὶ
204 2820 450 2882 κλεοφόρος
476 2819 538 2865 D.
564 2836 623 2864 ex
649 2835 740 2879 quo
765 2819 832 2863 καὶ
860 2820 1195 2878 recipiendum.
1268 2818 1349 2863 Ab
1387 2819 1457 2862 his
1494 2817 1643 2861 verbis

112 2897 319 2942 scholion
352 2898 517 2956 incipit
552 2898 600 2942 in
634 2896 694 2941 D.
768 2895 1093 2941 Praecedentia
1128 2893 1343 2940 πολλάκις
1381 2895 1499 2952 (sine
1532 2890 1640 2952 γὰρ)

116 2974 390 3026 μεθίστασαν
426 2973 525 3020 τοὺς
560 2974 761 3027 βασιλεῖς
793 2978 972 3024 μαντεῖα
1007 2971 1109 3028 (Sic)
1145 2971 1369 3031 leguntur
1406 2975 1508 3028 post
1544 2966 1642 3015 τοὺς
