1917 3183
228 107 268 149 vi
781 101 1182 146 PRAEFATIO.

489 222 587 276 αὕτη
612 221 650 266 δὲ
675 226 810 264 θᾶττον
835 220 890 270 εἷς
909 219 1056 274 Ἰθάκην
1081 219 1213 269 εὐθέως

490 296 571 352 ἤΚΕΙ
598 296 887 357 παραίνέσόυσα
912 299 964 357 Τῷ
987 296 1220 356 Τηλειυιάχῖἱύ

489 374 536 422 ὥς
561 371 653 433 πρὶς
677 371 822 433 πατρός
847 373 1009 427 ζήτησιν
1034 371 1154 416 ἐλθεῖν
1179 370 1407 423 σπουδάσω,

485 449 593 510 ἀρχῷ
616 452 926 509 παρεικασθεΐσα
949 447 1114 504 Ταφίων
1139 446 1291 509 Μέντῃ.

489 523 755 576 ἔπιξενωθεῒσα
780 523 817 568 δὲ
844 528 894 584 τῷ
917 523 1166 584 Τηλεμάχῳ,

487 601 670 660 Σπάρτην
695 599 852 644 διελθεῖν
875 597 941 643 καὶ
970 599 1102 643 Πύλον
1125 598 1246 660 τούτῳ
1271 599 1397 659 λέγει,

487 677 535 726 ὡς
558 677 746 738 πατρικὴν
770 675 904 734 ἄφιξιν
928 675 971 719 εἰ(
994 675 1130 719 τούτου
1151 676 1280 734 μάθοι.

488 753 609 809 αὐτῆς
634 753 665 797 δ’
686 752 823 798 ἐκεῖθεν
848 752 1116 814 ἐκδραμούσης
1141 752 1285 798 αὐτίκα

487 830 732 891 Τηλέμαχος
756 827 936 890 πρόσεισι
961 829 1189 890 μνηστήρων
1213 828 1330 890 ὄχλον

485 904 549 949 καὶ
574 908 724 956 πάντας
748 905 861 967 ἄρδην
886 906 1189 967 θρασυκωτέροις
1213 904 1347 966 λόγοις

488 981 542 1031 εἷς
567 981 709 1043 ἀγορὰν
733 980 858 1043 αὔριον
881 981 1038 1037 ἡκένιπιιο
1063 982 1188 1042 λέγει.

222 1074 338 1118 Τ11111
372 1075 580 1133 sequitur
618 1074 788 1119 lemma
827 1073 1145 1127 ἅλληε-011111
1177 1076 1377 1121 ὑποθέσει
1416 1092 1517 1135 quae
1555 1078 1601 1121 in
1638 1078 1734 1122 edi-

221 1151 349 1195 tione
380 1166 483 1195 mea
506 1152 654 1210 primo
680 1151 780 1196 1000
806 1152 955 1210 posita
983 1158 1054 1196 est
1078 1168 1122 1211 p.
1162 1166 1204 1212 7,
1231 1164 1353 1212 5—1
1370 1168 1407 1196 1.
1478 1152 1592 1198 Post
1617 1153 1736 1198 hane

221 1242 374 1271 rursus
398 1227 597 1274 ὑπόθεσις
619 1226 871 1275 Ὀδυσσείας
895 1243 1002 1272 011111
1028 1227 1328 1288 Argumento
1353 1230 1519 1274 eodem
1546 1230 1642 1274 fere
1667 1236 1738 1274 at-

221 1319 310 1362 que
348 1305 548 1348 seeundo
579 1311 735 1349 nostro
772 1321 814 1364 p.
849 1318 891 1364 7,
932 1320 1134 1366 13—19.
1206 1306 1337 1350 Inter
1368 1306 1541 1351 lemma
1579 1306 1737 1367 Argu-

221 1381 461 1439 mentique
485 1381 668 1425 initium
701 1397 855 1426 versus
892 1382 971 1427 1110
996 1382 1172 1441 positus
1197 1392 1267 1428 est
1293 1386 1354 1442 (p.
1384 1399 1424 1435 2,
1453 1386 1547 1439 22.)
1568 1379 1734 1444 ’Άλφα

222 1457 323 1500 θεῶν
368 1456 521 1517 ἀγορὴ,
562 1456 769 1509 Ὀὂυσηΐόι
821 1455 1030 1502 ΪῙαλλάὸι
1080 1457 1256 1520 θάρσος.
1326 1460 1545 1519 Denique
1593 1458 1736 1506 ἄλλως

221 1548 327 1576 011111
362 1534 656 1593 Argumento
690 1551 743 1580 eo
778 1537 899 1595 quod
943 1552 968 1580 0
1001 1536 1118 1581 111110
1151 1537 1461 1582 Ambrosiano
1495 1537 1554 1581 E.
1588 1537 1735 1581 edidit

223 1608 380 1654 Maius
413 1614 474 1670 (p.
515 1625 554 1671 7,
597 1613 781 1664 12.—8‚
816 1628 858 1673 3.
893 1614 964 1657 ed.
998 1616 1199 1670 nostrae).
1272 1613 1326 1657 In
1368 1614 1461 1658 fine
1495 1614 1676 1673 paginae
1708 1628 1736 1657 a

220 1700 359 1730 manu
395 1689 652 1733 recentiore
684 1686 779 1750 φρά
814 1689 1002 1750 μαξίμου
1032 1690 1150 1747 (sio),
1180 1690 1446 1748 iterumque
1483 1690 1530 1733 in
1567 1689 1734 1734 ultimo

219 1762 329 1807 folio
373 1766 522 1823 (150.)
561 1766 762 1826 μαξίμου.
801 1773 849 1810 01
885 1782 1042 1811 rursus
1077 1767 1136 1811 ab
1183 1766 1273 1811 alia
1312 1782 1452 1811 manu
1496 1765 1737 1811 “Antonii

220 1836 470 1898 Seripandi
510 1846 549 1884 et
589 1839 878 1896 amz'corzmz,”
915 1843 1046 1901 eujus
1083 1842 1327 1902 Seripandi
1374 1858 1544 1886 nomen
1591 1842 1733 1886 etiam

221 1913 380 1960 Iliadis
405 1916 548 1961 codici
577 1917 821 1963 Parisiensi
848 1920 988 1965 2681.
1015 1920 1284 1979 inscriptum
1311 1925 1397 1965 est.
1443 1918 1612 1963 Altera
1636 1919 1734 1963 folii

221 1991 355 2049 primi
388 1993 554 2052 pagina
578 1994 750 2039 scholia
773 1997 984 2040 eontinet
1010 1996 1119 2048 haec,
1152 2011 1194 2055 p.
1220 1996 1260 2048 8,
1292 2011 1477 2056 13.—9,
1504 2010 1547 2054 5.
1586 2011 1628 2055 9,
1662 1995 1733 2038 16.

220 2082 364 2120 -11,
408 2084 450 2128 9.
515 2085 586 2122 12,
628 2086 853 2130 3[.-—14,
894 2072 967 2116 26.
1011 2071 1082 2124 16,
1134 2072 1335 2132 16—19.
1396 2084 1465 2132 17,
1514 2071 1733 2116 16,—18.

221 2144 611 2202 quemadmodum
650 2163 804 2192 rursus
839 2154 943 2207 post
981 2149 1121 2193 finem
1155 2148 1413 2207 rhapsodiae
1442 2148 1601 2206 primae
1634 2146 1732 2190 folii

221 2220 405 2278 septimi
432 2222 596 2281 pagina
619 2229 816 2282 utraque
841 2224 1026 2269 scholiis
1051 2224 1326 2283 quibusdam
1356 2223 1641 2283 longioribus
1675 2224 1731 2267 ad

222 2323 417 2360 ederentur
437 2325 483 2360 ad
498 2339 531 2360 v.
556 2338 626 2374 15.,
651 2340 724 2363 non
745 2328 1063 2365 animadvertente
1084 2334 1280 2377 propterea
1304 2334 1448 2364 tantum
1477 2328 1548 2364 illic
1575 2328 1733 2376 scriptos

222 2399 301 2422 esse
323 2388 421 2435 quod
449 2389 584 2437 aliquid
611 2391 659 2427 ibi
681 2393 785 2428 vacui
809 2393 917 2440 spatii
944 2399 1036 2434 erat,
1058 2393 1155 2440 quod
1186 2406 1260 2428 non
1285 2398 1364 2428 erat
1391 2393 1426 2428 in
1454 2393 1560 2428 initio
1586 2392 1733 2440 paginae

222 2451 500 2488 scholiastarum
536 2456 837 2492 annotationibus
871 2463 1014 2505 operto.
1075 2457 1273 2505 Scripturae
1303 2457 1498 2493 diversitas
1532 2457 1632 2492 nulla
1663 2463 1733 2498 est,

221 2515 290 2550 nisi
311 2517 407 2563 quod
429 2530 535 2553 versu
557 2530 613 2555 12.
635 2532 702 2566 pro
723 2521 990 2568 θρασυκωτέροις
1018 2522 1135 2557 altero
1164 2521 1248 2557 loco
1274 2521 1531 2568 θρασικωτέροις
1555 2521 1732 2569 scriptum

221 2585 290 2622 est,
311 2586 347 2615 et
368 2581 503 2616 rectius
523 2582 683 2629 quidem,
706 2584 735 2619 si
756 2585 977 2632 adjectivum
1001 2586 1084 2627 hoc,
1106 2586 1253 2622 aliunde
1274 2586 1438 2622 nondum
1460 2586 1665 2634 cognitum,
1687 2587 1733 2622 ab

221 2643 346 2688 θράσος
367 2644 544 2681 derivavit
568 2647 725 2694 scriptor
745 2661 930 2690 versuum,
953 2651 1267 2697 quemadmodum
1289 2663 1309 2685 a
1328 2650 1427 2696 μέρος
1444 2653 1586 2696 μερικός,
1607 2663 1628 2685 a
1646 2652 1733 2685 πλά-

221 2720 277 2741 τος
298 2709 456 2743 πλατικός
478 2708 670 2753 formatur‚
693 2711 792 2757 quod
817 2711 937 2759 ipsum
962 2725 1107 2760 quoque
1135 2713 1169 2748 in
1199 2714 1302 2749 libris
1330 2726 1426 2760 saepe
1453 2716 1619 2749 πλατυκός
1642 2713 1730 2749 scri-

222 2775 326 2815 ptum
348 2783 411 2816 per
430 2786 462 2810 υ.
485 2784 597 2818 quum
618 2786 639 2808 a
657 2774 785 2810 πλατύς
805 2775 955 2811 ductum
977 2789 1058 2812 esse
1079 2777 1278 2813 videretur.

277 2839 293 2858 c
322 2833 444 2881 ἦκέναι]
472 2835 702 2872 Recentioris
724 2838 935 2874 Graecitatis
956 2840 1084 2875 vitium
1113 2853 1180 2887 pro
1200 2842 1298 2885 ἥκειν,
1321 2841 1365 2876 (10
1386 2853 1458 2888 quo
1480 2841 1554 2876 dixi
1579 2841 1614 2875 in
1635 2841 1733 2876 The-

226 2907 331 2930 sauro
347 2897 417 2932 vol.
436 2911 470 2943 4.
495 2912 528 2945 p.
553 2912 633 2935 122.
