1907 3270
650 164 1060 211 PRAEFATIO.
1494 181 1622 210 xxxv

163 281 216 325 P.
242 297 312 340 53,
334 298 370 326 1.
409 281 705 342 φοβηθέντας]
751 282 1009 342 φοβηθέντα
1039 282 1098 326 D.
1323 299 1362 339 3.
1399 281 1623 329 ἐθέλεις-

97 355 270 416 ἀνάψαι
310 373 400 403 om.
434 357 493 402 D.
731 361 882 402 6.—-8.
919 357 1262 402 ἁλλὰ-λώϊόν
1299 358 1394 402 ἐστι
1439 372 1529 401 om.
1560 357 1619 402 D.

95 451 137 493 9.
163 433 299 493 οὐδὲν]
331 432 474 478 οὖδέον
498 434 557 478 D.
788 450 851 478 11.
878 432 982 492 οὐδ’]
1014 435 1096 494 οὐχ
1123 434 1179 479 D.
1347 435 1411 477 ἔτι
1439 449 1528 478 om.
1557 432 1618 478 D.

98 527 163 556 12.
198 508 303 569 τάγ’
327 510 472 568 ἰ’σασι]
504 507 601 554 τάδ’
627 510 773 554 ἵσασιν
806 512 848 554 οἱ
882 511 970 555 θεοὶ
1008 508 1065 555 D.
1269 526 1332 567 15.
1356 510 1422 553 καὶ
1462 510 1620 554 νόστον

95 602 184 632 om.
211 587 269 632 D.
496 592 559 630 16.
588 586 731 632 Hune
755 602 940 632 versum
966 602 1057 632 om.
1084 586 1144 632 D.
1381 604 1444 644 19.
1477 585 1510 630 δ’
1527 601 1617 631 om.

95 663 155 709 D.
384 680 450 709 20.
477 660 615 726 αὐτῷ]
648 664 779 708 αὐτοῦ
804 663 864 708 D.
891 664 1031 722 idque
1055 669 1159 722 post
1184 665 1344 723 πατήρ.
1551 679 1617 708 21.

94 739 285 797 ἐκδώσει]
317 738 507 784 ἐκδώσειε
533 740 591 784 D.
794 738 921 792 μηδὲν
942 741 1152 801 ἐγχειρεῖν
1177 740 1309 783 ἐποίει
1334 742 1418 783 τῶν
1443 739 1619 784 ἀτόπων

95 819 150 866 εἷς
173 815 251 862 τὸν
277 815 410 873 οἷκον]
450 815 576 869 μηδὲν
601 820 686 861 τῶν
710 817 886 861 ἀτόπων
911 817 1123 878 ἐγχειρεῖν
1148 815 1299 865 αὐτοὺς
1324 816 1378 864 εἷς
1402 814 1480 860 τὸν
1505 814 1619 860 οἷκον

94 899 211 938 ποιεῖ
242 893 301 937 D.
515 909 582 952 23.
616 891 698 937 ὑπὸ
729 898 804 945 τῆς
837 893 1177 948 μνηστευομένης
1207 896 1292 937 τῶν
1324 893 1498 951 γονέων]
1536 891 1619 937 ὑπὸ

94 976 179 1017 τῶν
215 971 372 1030 γονέων
407 976 482 1023 τῆς
516 971 850 1024 μνηστευομένης
886 971 945 1016 D.
1152 988 1218 1026 24.
1249 968 1376 1020 αὐτὸς
1409 972 1612 1028 ἕκαστος]

94 1049 280 1097 ἕκαστος
316 1049 452 1093 αὐτῶν
481 1048 542 1093 D.
615 1048 750 1094 Idem
786 1063 878 1094 om.
906 1047 1049 1097 οὕτως.
1271 1051 1338 1093 28.
1376 1048 1473 1108 περὶ
1508 1048 1612 1106 τῶν]

94 1125 193 1187 περὶ
218 1130 293 1177 τῆς
319 1125 377 1169 D.
584 1142 650 1183 29.
689 1124 859 1173 ἑαυτοὺς
894 1126 1086 1183 μᾶλλον]
1117 1126 1304 1176 μᾶλλον,
1331 1125 1453 1183 quod
1483 1126 1530 1168 in
1558 1125 1617 1169 D.

94 1209 220 1255 ante,
262 1203 308 1246 in
348 1200 411 1247 H.
448 1208 553 1261 post
594 1203 738 1249 αὐτοῖς
776 1201 823 1257 (l.
864 1203 952 1259 28.)
990 1201 1174 1261 legitur,
1212 1201 1303 1245 huc
1342 1202 1617 1260 transposui.

95 1296 164 1337 31.
190 1275 335 1323 πάντα
360 1277 539 1339 χρόνον]
572 1277 730 1339 χρόνον
755 1275 900 1322 πάντα
927 1277 987 1322 D.
1192 1294 1260 1336 32.
1286 1278 1451 1328 ἐπανήει
1480 1277 1539 1322 D.
1568 1286 1620 1322 ut

95 1370 182 1416 ego
225 1355 418 1399 correxi.
490 1353 624 1399 Idem
668 1370 757 1399 om.
797 1355 936 1400 verba
979 1375 1028 1399 τε
1068 1354 1135 1398 καὶ
1177 1355 1412 1405 ἐπανῆλθεν
1454 1362 1501 1398 et
1543 1355 1619 1406 τὴν

94 1438 259 1493 πεῖραν.

175 1509 229 1553 Ρ.
268 1524 336 1567 54,
380 1525 417 1554 2.
460 1507 725 1566 ἐκδιηγήτου,
769 1509 1050 1554 vocabulum
1092 1514 1380 1568 corruptum,
1423 1523 1513 1552 om.
1558 1507 1618 1551 D.

93 1584 204 1638 μετὰ
229 1585 514 1644 τῆς-λέγων
533 1584 624 1642 ὅτι]
647 1590 721 1637 τῆς
746 1591 794 1630 et
818 1585 888 1630 ὅτι
915 1601 1005 1630 om.
1033 1583 1092 1629 D.
1236 1602 1275 1642 3.
1300 1583 1413 1629 κατὰ
1439 1586 1619 1629 correxi

93 1678 176 1722 pro
201 1663 283 1717 καὶ,
309 1663 435 1722 quod
468 1669 537 1707 est
562 1663 610 1707 in
637 1661 766 1707 D.H.
794 1669 842 1708 et
872 1663 1039 1706 servari
1076 1668 1232 1720 potest
1260 1662 1296 1705 si
1329 1667 1433 1720 post
1459 1660 1619 1721 ἀγροὺς

94 1740 294 1785 addatur
324 1738 402 1798 ἴδῃ,
431 1739 554 1798 quod
587 1746 658 1783 est
689 1739 737 1782 in
764 1738 824 1783 D.
1040 1753 1081 1796 5.
1115 1738 1354 1798 ὑπερόριος,
1380 1738 1420 1781 ἐν
1454 1736 1496 1781 δὲ
1527 1744 1620 1786 τοῖς

96 1815 269 1877 ἀγροῖς]
292 1815 511 1877 ὑπερίονος
535 1814 604 1858 ἐπὶ
630 1821 723 1863 τοῖς
748 1815 902 1876 ἀγροῖς
922 1814 981 1859 D.
1053 1813 1283 1859 Deleatul·
1307 1828 1489 1858 comma
1504 1820 1619 1872 >post

95 1892 334 1950 γενόμενος.
477 1908 541 1935 10.
567 1891 694 1948 οἴκοι]
727 1891 851 1939 ὄντος
868 1890 931 1934 H.
959 1897 1007 1936 et
1031 1906 1142 1936 mox
1167 1906 1258 1935 om.
1276 1891 1339 1941 ὡς,
1365 1895 1618 1948 utrumque

94 1974 148 2012 ut
174 1967 290 2022 EQ.
472 1984 540 2026 31.
575 1968 630 2013 In
659 1967 722 2012 H.
750 1969 843 2012 duo
869 1973 979 2012 Sunt
1004 1967 1190 2019 scholia,
1215 1967 1415 2011 alterum
1441 1963 1619 2018 νηπιάας

95 2044 258 2105 ὀχέειν;
296 2044 548 2106 ἀφροσύνας
568 2044 727 2106 φέρειν,
754 2044 844 2088 ἐπεὶ
871 2043 1009 2088 οὐκέτι
1035 2048 1234 2091 τοιοῦτος
1260 2042 1400 2095 εἶῑ--,
1418 2043 1618 2087 alterum

94 2121 185 2166 alio
216 2121 332 2174 loco,
360 2118 536 2173 νηπιάας
569 2120 735 2182 ὀχέεινί
768 2119 825 2165 τὰ
853 2120 948 2165 νέων
973 2124 1149 2182 φρονεῖν
1177 2120 1243 2164 καὶ
1270 2120 1430 2181 φέρειν,
1457 2118 1479 2170 ’ἦ
1505 2121 1620 2180 ὀχεῖ-

97 2199 201 2242 σθαι
226 2195 309 2241 ὑπὸ
336 2196 538 2249 νεότητος
563 2204 651 2243 etc.

162 2271 215 2317 P.
240 2287 308 2331 55,
336 2290 373 2318 2.
401 2272 572 2335 ἄφρων]
610 2272 921 2319 Scribendum
946 2272 1121 2335 ἄφρονα
1146 2290 1205 2318 ex
1233 2272 1424 2327 H.Q.V.
1451 2280 1499 2318 et
1526 2274 1618 2330 (cui

96 2348 248 2411 ἄφρων
273 2350 395 2395 male
421 2351 585 2394 tribuit
612 2348 880 2409 Cramerus)
908 2349 955 2395 S.
1152 2354 1189 2393 8.
1215 2352 1450 2409 προτροπή
1479 2348 1541 2395 H.
1567 2356 1620 2393 ut

97 2426 169 2470 M.
352 2444 391 2484 9.
417 2426 683 2487 ἀφείλοντο]
714 2426 962 2487 ἀφείλαντο
990 2425 1052 2471 H.
1245 2444 1309 2470 11.
1335 2430 1414 2470 τοῦ
1439 2442 1528 2470 om.
1556 2424 1619 2468 H.

100 2519 164 2547 12.
189 2502 344 2563 μόρον]
377 2503 515 2563 φόνον
540 2502 599 2555 S„
619 2518 712 2547 non
736 2502 872 2563 μόρον
898 2510 951 2546 ut
977 2502 1235 2548 Cramerus.
1416 2519 1479 2557 14.
1507 2507 1620 2545 πολ-

95 2579 187 2634 λοὶ]
219 2577 334 2622 πολὺ
361 2578 427 2622 Η.
623 2584 687 2624 16.
711 2595 772 2636 17.
801 2595 1006 2634 22.-—24.
1035 2578 1196 2624 Habet
1224 2578 1285 2623 H.

164 2654 215 2698 P.
240 2659 309 2713 56,
332 2672 366 2698 1.
394 2654 746 2716 ὑποστρέφοντι]
773 2654 1146 2716 ὑποστρεφομένῳ
1173 2655 1219 2699 S.
1397 2659 1463 2698 16.
1490 2657 1620 2702 κακῶς

100 2728 174 2782 D.,
200 2736 254 2773 ut
282 2728 440 2774 Maius
465 2735 731 2774 correxerat
756 2745 838 2788 pro
863 2732 1014 2778 καλῶς.

166 2807 216 2851 Ρ.
241 2823 310 2865 57,
334 2824 399 2852 12.
424 2806 480 2851 τὸ
505 2805 792 2863 αὑτὸ-οὐδὲ]
824 2805 952 2851 αὑτὸν
977 2806 1149 2851 τὸ-οὐ
1176 2806 1238 2850 H.

165 2883 216 2926 P.
242 2888 309 2940 58,
338 2898 404 2941 25.
442 2885 657 2939 αἰτιᾶται]
706 2883 856 2927 αὐτίκα
891 2882 950 2926 D.
988 2885 1066 2942 qui
1111 2884 1197 2927 hoc
1240 2882 1449 2927 scholion
1486 2881 1620 2935 (Por-

97 2958 266 3018 phyrii)
294 2960 483 3018 praefixo
510 2958 654 3006 ἄλλως
677 2959 799 3005 infra
823 2959 965 3005 habet·
992 2966 1095 3019 post
1119 2959 1337 3019 ἐμφαίνων
1362 2973 1404 3016 p.
1423 2962 1490 3008 61,
1513 2960 1578 2999 18.

821 3051 844 3080 C
874 3053 894 3079 2
