1907 3270
702 109 862 156 PRAE
876 108 1113 156 FATIO.
1556 113 1675 157 xxiii

139 223 268 283 giore
304 225 364 270 de
399 240 497 271 voc.
528 224 693 288 δόρπον
718 226 775 271 Ο.
803 233 851 270 et
876 226 937 270 A.
972 227 1285 278 consentiunt,
1312 226 1397 270 nisi
1429 226 1553 285 quod
1591 242 1675 286 pro

135 303 232 352 μεθ’
256 300 278 345 ὃ
307 300 385 345 ἔδει
420 308 563 346 πονεῖν
589 302 651 361 (p.
680 317 745 359 77,
767 306 826 361 9.)
854 302 977 360 quod
1012 309 1082 346 est
1112 302 1157 345 ill
1180 300 1255 354 A„
1279 308 1408 347 recte
1441 305 1536 354 μεθ’
1563 302 1586 347 ὃ
1612 302 1675 348 δεῖ

136 383 280 421 πονεῖν
304 378 530 437 scriptum
557 379 604 423 in
630 377 688 423 O.
843 395 912 436 39.
933 377 1534 423 ΚΑΘΑΙΙΤΟΜΕΝΟΣ.
1571 382 1667 430 ἤτοι

134 451 213 498 τὸν
237 453 379 512 λόγον
407 452 517 516 πρὸς
549 453 680 499 αὐτὸν
708 455 973 508 ποιούμενος,
999 454 1296 509 ἀμειβόμενος,
1323 455 1666 509 ἀποτεινόμενος,

132 528 157 581 ’ἦ
181 528 492 592 καταπραΰνων
515 531 583 575 καὶ
609 532 965 593 προσαγόμενος]
998 531 1076 576 Sic
1095 530 1171 585 A„
1192 532 1344 576 verbis
1370 531 1665 587 ἀμειβόμενος,

133 605 479 662 ἀποτεινόμενος,
499 624 601 667 quae
626 624 716 653 om.
738 608 809 661 O„
836 608 1024 653 aliunde
1049 608 1204 660 illatis,
1224 614 1278 652 ut
1303 623 1361 652 ex
1387 608 1562 653 scholio
1588 625 1664 654 co-

131 683 247 728 dicis
274 684 515 730 Harleiani
551 685 844 746 intelligitur,
871 686 996 744 quod
1027 684 1164 744 plane
1203 686 1435 729 consentit
1469 700 1575 730 cuni
1602 685 1660 731 O.

131 758 276 820 Apud
301 761 610 807 Eustathiuln
631 768 702 807 est
720 778 763 822 p.
786 779 908 822 1432,
928 777 1000 819 47.
1027 761 1095 806 ὅτι
1122 762 1163 805 ἐν
1182 782 1242 819 τῳ
1268 768 1292 786 “
1309 764 1484 823 πρῶτον
1507 762 1659 807 ἔπειτα

130 836 321 898 γε’ροντα
345 838 674 891 καθαπτόμενος
698 838 958 900 προσέειπε”
975 835 1281 882 καθάπτεσθαι
1307 837 1427 896 λέγει
1461 837 1516 882 τὸ
1541 837 1660 889 ἀμεί-

127 913 289 968 βεσθαι
314 913 336 966 ’ὴ
362 914 667 960 ἀποτείνεσθαι
693 916 842 963 ἁπλῶς
872 912 940 959 διὰ
964 914 1106 973 λόγου
1137 914 1248 976 πρός
1283 934 1392 959 τινα.
1586 929 1656 973 45.

128 992 192 1049 (p.
212 1005 279 1048 79,
306 992 364 1048 7.)
390 990 517 1036 κακὸν
540 992 724 1045 ἔμπεσεν
750 993 808 1038 O.
864 990 1023 1035 KAK‘
1045 990 1309 1035 EMHEE'
1331 990 1391 1036 A.
1585 1008 1656 1050 47.

128 1065 564 1113 ΤΟΙΣΔΕΣΣΙΝ.
624 1070 664 1113 ἐν
705 1070 879 1117 ΤΟύΤΟίς
914 1067 974 1113 Α.
1023 1067 1256 1113 ΤΟἷΟ-ὃΕσἹΙΙ.
1305 1069 1345 1111 ἐν
1386 1069 1558 1117 ΤΟύΤΟίς
1597 1068 1654 1114 O·

129 1158 196 1201 70.
224 1147 286 1205 (p.
305 1149 370 1198 86,
394 1147 451 1204 2.)
478 1144 532 1191 τὸ
557 1144 647 1209 γὰρ
674 1147 801 1207 φίλοι
828 1147 900 1197 0.,
925 1152 980 1190 ut
1005 1152 1075 1190 est
1101 1147 1243 1191 etiam
1268 1146 1315 1190 in
1342 1145 1444 1190 ST.
1482 1145 1537 1190 τὸ
1562 1144 1652 1207 γὰρ

126 1221 264 1282 φίλον
287 1221 349 1266 A.
375 1223 570 1268 fortasse
606 1224 864 1283 typothetae
897 1238 1062 1267 errore.
1269 1226 1335 1267 81.
1374 1221 1651 1266 AAKPYA

126 1296 577 1346 ΑΝΑΠΡΗΣΑΣ.
615 1299 798 1362 δακρύων
822 1302 989 1350 πλῆθος
1013 1300 1263 1361 προϊέμενος
1286 1298 1346 1343 Α.
1405 1299 1483 1344 Sic
1508 1301 1652 1345 etialn

125 1374 199 1426 0.,
224 1376 313 1421 nisi
337 1378 461 1436 quod
485 1378 532 1421 in
562 1378 786 1422 lemmate
812 1373 964 1439 δάκρυ’,
990 1377 1271 1436 apostropho
1295 1377 1354 1421 ab
1379 1376 1481 1429 alia,
1507 1384 1559 1421 ut
1585 1377 1652 1421 vi-

125 1452 275 1507 detur,
307 1469 450 1499 manu
492 1455 653 1500 addita
690 1459 954 1499 atramento
987 1454 1201 1514 nigriore.
1405 1470 1472 1512 91.
1510 1453 1648 1498 ἔλπει.

122 1529 316 1594 ἐλπίζειν
339 1538 456 1576 ποιεῖ
477 1531 534 1577 Ο.
570 1530 810 1577 ΕΛΠΕῙ.
848 1533 902 1580 εἰς
926 1530 1083 1576 ἐλπίδα
1110 1530 1206 1589 ἄγει
1234 1530 1294 1575 Α.
1480 1544 1548 1589 95.
1574 1551 1649 1576 πε·-

121 1608 340 1670 ρίμετρον.
382 1607 595 1670 περισσὸν
612 1609 775 1671 μέτρον
798 1609 961 1670 ἔχουσα
983 1609 1168 1667 (vitiose
1194 1623 1275 1667 pro
1299 1608 1474 1669 ἔχοντα,
1495 1616 1548 1652 ut
1572 1624 1647 1653 su-

123 1701 206 1744 pra
230 1686 288 1730 ad
315 1685 374 1738 A,
400 1703 498 1743 431.
525 1685 712 1747 ἔχουσαν
736 1701 818 1744 pro
843 1685 1039 1746 ἔχοντα),
1065 1684 1217 1742 μέγαν.
1257 1683 1372 1745 φασὶ
1398 1682 1442 1728 δὲ
1463 1684 1521 1736 μὴ
1545 1705 1648 1737 μνη-

121 1763 350 1806 στεύεσθαι
394 1763 519 1806 ἱστοῦ
556 1762 747 1809 ἑστῶτος
784 1761 840 1806 O.
912 1761 968 1805 In
1001 1760 1062 1805 A.
1096 1761 1214 1805 nihil
1250 1767 1418 1820 praeter
1457 1759 1646 1804 ΠΕΡΙ-

123 1838 426 1884 METPON.
463 1839 593 1897 μέγα.
665 1838 779 1883 Post
820 1838 908 1882 hoc
950 1837 1158 1882 scholion
1205 1844 1464 1897 sequuntur
1503 1838 1550 1881 in
1588 1837 1644 1883 O.

120 1916 403 1976 glossemata
427 1916 484 1960 ab
505 1914 565 1959 A.
584 1915 764 1967 omissa,
791 1932 858 1973 94.
893 1914 1155 1966 στησαμένη.
1192 1915 1413 1965 στήσασα.
1486 1918 1555 1972 98.
1583 1914 1647 1958 ἐκ-

120 1993 299 2038 τελέσω.
348 1992 579 2047 τελειώσω,
618 1992 852 2054 πληρώσω.
924 2005 991 2050 97.
1039 1991 1328 2049 ἐπειγόμενοι.
1374 1990 1644 2040 σπεύδοντες.

119 2069 198 2115 Gl.
240 2071 298 2115 ad
347 2086 388 2114 V.
423 2073 490 2129 98.
529 2070 789 2122 μεταμώνια.
840 2066 1007 2121 μάταια
1054 2068 1232 2113 habent
1275 2067 1412 2122 O.A.‚
1460 2068 1540 2113 sed
1581 2067 1643 2113 A.

120 2154 313 2193 auctum
340 2147 491 2193 verbis
516 2162 574 2191 ex
597 2146 848 2191 Eustathio
873 2147 1052 2197 sumtis,
1077 2145 1135 2197 μὴ
1160 2146 1278 2198 ὀνεῖν,
1303 2146 1436 2197 μώνια
1464 2144 1533 2189 καὶ
1558 2146 1646 2197 μώ-

119 2231 208 2278 λια,
235 2226 286 2273 ὡς
315 2225 458 2286 νίτρον
487 2225 656 2286 λίτρον,
682 2223 870 2275 πνεύμων
896 2222 1106 2274 πλεύμων.
1161 2222 1282 2266 Tum
1307 2236 1463 2267 rursus
1488 2221 1546 2268 Ο.
1573 2237 1645 2267 SO—

119 2303 191 2347 lus
215 2302 388 2353 ὄληται.
426 2301 663 2354 ἀπόληται.
868 2317 936 2358 99.
962 2301 1167 2360 ταφήϊον.
1192 2295 1415 2360 ἐντάφιον.
1440 2302 1575 2343 τοῦτο
1601 2297 1645 2343 δὲ

118 2380 165 2431 ἧν
200 2377 255 2424 τὸ
296 2379 457 2422 κωλύον
491 2377 570 2423 τὸν
608 2375 753 2436 γάμον
789 2377 847 2422 O.
884 2392 966 2436 pI'O
1003 2376 1171 2435 quibUS
1206 2374 1269 2420 A.
1308 2374 1642 2421 TAQJHION.

117 2453 340 2518 ἐντάφιον.
375 2453 488 2500 κατὰ
512 2452 754 2517 παράθεσιν
777 2457 856 2498 τοῦ
878 2456 914 2507 ἧ,
940 2455 991 2501 ὡς
1014 2454 1266 2506 πολεμῆϊον,
1290 2467 1446 2497 rursus
1465 2468 1524 2497 ΘΧ
1548 2453 1644 2497 EU—

117 2532 304 2577 stathio.
511 2530 734 2575 Proxima
778 2529 840 2590 gl.
885 2547 978 2575 100.
1020 2530 1142 2580 ὁλοή.
1185 2529 1379 2590 ὀλεθρία.
1418 2528 1641 2588 καθέλῃσι.

116 2605 365 2668 καταλάβῃ.
412 2607 687 2667 τανηλεγέος.
734 2608 1096 2669 μακροκοιμήτου.
1135 2612 1183 2651 et
1230 2622 1324 2650 101.
1359 2602 1641 2667 Ἀχαιϊάδων.

112 2683 384 2738 Ἐλληνῖὃων
408 2686 565 2729 omisit
588 2684 650 2729 A.

186 2779 280 2807 102.
307 2761 435 2806 Hinc
460 2776 607 2820 usque
631 2761 690 2806 ad
722 2761 864 2806 finem
894 2760 1150 2820 rhapsodias
1182 2759 1399 2804 licentius
1434 2764 1638 2818 grassata

117 2844 189 2883 est
222 2838 568 2898 interpolatoris
602 2853 767 2882 manus
801 2838 851 2882 in
875 2836 936 2882 A.
962 2837 1103 2882 illatis
1139 2834 1519 2881 annotationibus
1544 2849 1638 2877 non

116 2916 276 2974 paucis
314 2930 375 2960 ex
411 2914 650 2961 Eustathii
691 2915 1027 2961 commentario
1065 2913 1352 2973 compilatis:
1389 2924 1502 2970 quas
1540 2909 1637 2953 edi-
