1907 3270
692 127 1001 163 ΟΔΤΣΣΕΙΑΣ
1044 127 1089 163 Α.

125 223 364 285 Βρεντησιά.
405 228 459 269 Q.

1596 127 1650 165 35

529 224 698 282 Τεμέσῃ
734 223 850 274 πόλις
884 225 1055 286 Κύπρου·
1094 224 1199 268 κατὰ
1229 225 1269 270 δέ
1302 246 1410 275 τινας
1444 230 1515 281 τῆς
1552 227 1657 269 Ἴτα-

124 300 230 353 Mag,
254 298 272 344 ’ὂ
303 305 362 344 νῦν
387 299 612 358 Βρενῧέσιον
635 304 803 344 καλοῦσι
829 298 895 344 καὶ
920 300 1105 359 Τέμψαν.
1143 305 1272 345 Vind.
1300 307 1369 359 56.

190 376 329 422 αἴθωνα
355 377 530 439 σίδηρον]
561 375 584 432 ὴ
608 378 764 436 μέλανα
788 376 852 421 διὰ
876 375 919 421 τὸ
944 377 1196 439 ἀνέργαστον,
1223 376 1246 434 ὴ
1277 377 1457 440 λαμπρόν
1481 377 1557 424 ἀπὸ
1583 384 1651 424 τοῦ

121 451 240 515 πυρὸς
263 458 331 498 τοῦ
354 452 540 504 αἴθοντος.
574 456 685 497 E.V.

194 533 288 587 185.
326 534 415 585 νηῦς
438 528 479 574 δέ
501 549 567 589 μοι
593 527 671 585 ἥδ’]
714 527 1006 591 προφασίζεται
1040 528 1178 588 νόσφιν
1203 527 1296 575 εἶναι
1331 532 1400 587 τὴν
1433 537 1532 585 ναῦν,
1559 530 1687 594 πρές5

122 602 166 649 τὸ
189 605 247 664 μὴ
271 602 338 649 καὶ
362 604 453 655 τοὺς
480 603 656 665 ἑταίρους
687 603 828 649 ἐθέλειν
852 603 1015 656 ξενίσαι·
1054 603 1118 649 τον
1142 605 1181 650 δὲ
1204 611 1323 650 πλοῦν
1345 606 1492 668 μακρόν
1516 628 1559 652 τε
1585 606 1652 652 καὶ

121 682 332 742 ἀναγκαῖον
362 678 471 735 εἶναι,
502 680 597 744 πρὸς
626 681 669 725 τὸ
699 682 758 740 μὴ
795 686 1091 742 κατασχεθῆναι
1118 685 1210 744 παρ’
1234 682 1368 727 αὐτοῦ.
1407 684 1650 747 Πορφυριόυ.

121 762 367 802 E.H.M.R.
437 758 731 820 περισπαστέον

917 756 939 777 ’ἕ

767 757 805 802 δὲ
838 778 882 802 το
915 757 995 813 ηδε.
1039 757 1126 803 ’ἔστι
1151 758 1229 821 γὰρ
1258 759 1479 818 ἀντωνυμία
1503 761 1653 819 ἀναφο-

120 834 222 895 ρικῆ.
271 839 542 896 προηθετοῦντο
579 834 618 879 δὲ
656 832 726 879 ὑπὸ
760 836 1087 896 ’Δ-Χριστοφάνους·
1125 837 1214 878 κατ’
1247 833 1327 879 ἔνια
1363 835 1402 880 δὲ
1439 842 1510 880 τῶν
1545 837 1652 881 ἀντι-

180 966 213 989 1.
230 966 264 990 2.
288 959 468 1002 Βρεντησία
483 961 519 991 et
538 956 712 1002 Βρενὸίσιον
728 955 858 992 formae

122 1013 210 1046 sunt
230 1008 373 1043 vitiosae
394 1021 461 1056 pro
479 1011 675 1056 Βρεντέσιον,
696 1009 761 1044 sed
781 1010 856 1044 for-

123 1065 223 1096 tasse
257 1062 508 1108 relinquendae
542 1061 600 1096 his
635 1062 857 1097 scholiastis.

123 1112 307 1160 Βρεντέσιον
328 1114 504 1150 Eustath.
528 1127 562 1161 p.
585 1125 696 1162 ¹409>
718 1127 752 1150 2.

174 1168 521 1214 Τεμέση-Τέμῲαν]
561 1167 688 1215 Hujus
728 1168 859 1203 scholii

122 1218 336 1267 fragmenta
357 1227 443 1256 sunt
467 1221 504 1255 in
526 1221 570 1255 E.
598 1221 633 1255 τὲ
655 1226 703 1255 νῖν
724 1222 856 1266 Βροντῆ-

123 1287 189 1306 σιον
209 1277 402 1319 καλούμενον
421 1276 512 1308 κατὰ
532 1275 566 1308 δέ
589 1289 678 1313 τινας
697 1278 857 1317 Ἰταλούς,

121 1324 160 1360 in
190 1325 238 1361 V.
269 1327 401 1371 Τεμέση
426 1327 515 1367 πόλις
545 1329 678 1372 Κύπρου,
710 1330 800 1361 κατὰ
828 1328 860 1362 δέ

121 1393 212 1420 τινας
231 1382 286 1423 τῆς
304 1383 467 1421 Ἰταλίας,
486 1378 502 1414 ἲ
526 1384 576 1414 νῦν
597 1382 776 1425 Βρεντίσιον
795 1396 857 1414 κα-

121 1436 224 1467 λοῦσι.
283 1433 338 1468 De
361 1433 508 1478 Τεμέσης
535 1432 697 1467 nominis
728 1433 858 1468 formis

121 1484 216 1521 dixit
232 1485 276 1521 L.
295 1485 512 1521 Dindorfius
532 1486 569 1520 in
589 1485 793 1521 Thesauro.

181 1549 218 1586 5.
240 1539 369 1587 νόσφιν]
393 1540 488 1587 νόσφι
508 1539 552 1574 Ε.

177 1592 216 1628 6.
237 1593 293 1627 καὶ
314 1594 383 1633 τοὺς
402 1592 558 1639 ἑταίρους]
582 1593 636 1626 καὶ
658 1591 776 1637 ἑτέρους
798 1591 845 1626 Ε.

179 1655 215 1691 7.
253 1647 422 1693 Πορφυρίου
455 1645 571 1680 habet
606 1644 661 1684 E.7
690 1656 763 1680 om.
797 1645 856 1680 M.

123 1705 173 1740 et,
195 1698 233 1733 ni
252 1698 372 1738 fallor,
393 1697 494 1732 H.R.

178 1751 214 1787 8.
236 1751 433 1798 ἀναφορικὴ]
460 1766 510 1793 ητι
533 1762 714 1797 superscr.
734 1750 770 1784 in
793 1750 857 1790 R„

123 1805 223 1851 quod
245 1802 432 1851 significat
452 1804 683 1851 ἀναφορητική.
732 1803 788 1838 De
808 1800 861 1845 ἧδε

123 1857 219 1892 dixit
240 1856 352 1892 etiam
374 1856 549 1891 Eustath.
570 1868 605 1902 p.
625 1866 740 1903 1409,
761 1867 824 1902 23.

177 1921 213 1956 9.
236 1910 471 1957 προηθετοῧντο]
498 1908 640 1943 Versus
661 1908 750 1944 dicit
777 1908 860 1955 ¹85·

129 1962 212 1998 186.
243 1962 506 2005 νηῒς-ὑλήεντι.
565 1961 734 1996 Verbum
763 1976 861 2008 προα-

123 2018 225 2050 θετεῒν
259 2014 454 2060 aliquoties
487 2014 599 2050 etiam
634 2014 672 2048 in
705 2013 858 2049 Venetis

122 2068 251 2103 Iliadis
281 2066 431 2103 scholiis
463 2067 624 2102 occurrit
656 2072 693 2102 et
720 2067 858 2102 diserte

123 2121 272 2168 quidem
302 2120 438 2167 ubique
459 2120 505 2155 de
525 2120 780 2167 Aristophane
800 2120 859 2155 vel

123 2174 169 2209 de
195 2173 403 2209 Zenodoto.
461 2173 506 2208 In
531 2173 704 2208 omnibus
734 2178 857 2208 autem

121 2227 193 2262 illis
230 2226 322 2262 locis
355 2226 533 2273 praecedit
571 2226 777 2261 admonitio
812 2226 858 2261 de

121 2281 276 2323 ἀθετήσει
298 2291 409 2327 quam
422 2279 631 2314 communis
654 2279 779 2326 opinio
800 2291 858 2314 se-

122 2338 269 2380 quatur,
292 2344 446 2380 quaeque
467 2332 673 2367 Aristarchi
696 2332 856 2367 auctori-

121 2391 199 2421 tate
228 2385 381 2421 nitatur.
433 2385 527 2420 Vide
553 2385 656 2420 locos
677 2398 698 2420 a
718 2385 858 2420 Wolfio

122 2438 256 2474 citatos
294 2439 332 2474 in
373 2438 520 2485 Proleg.
559 2451 595 2485 p.
631 2449 718 2485 271.
774 2439 855 2473 Ari-

122 2491 273 2527 starcho
311 2491 438 2538 igitur,
479 2496 519 2527 ut
557 2503 642 2526 vere
684 2491 857 2527 observat

122 2545 234 2585 idem,
255 2543 437 2592 προηθέτουν
460 2544 525 2579 illi.
584 2545 708 2591 Atque
739 2544 790 2579 sic
820 2544 858 2579 in

122 2597 262 2632 nostris
301 2608 447 2643 quoque
486 2597 582 2632 infra
624 2597 671 2632 ad
708 2598 744 2639 β,
767 2608 856 2643 322.

123 2662 334 2697 quanquam
364 2661 441 2684 non
470 2649 664 2684 nominato
692 2649 856 2685 Aristar-

122 2703 218 2738 cho:
249 2705 420 2738 ἀθετεῖται
448 2705 486 2743 ὡς
513 2702 666 2749 περιττός.
697 2703 858 2749 προηθέτει

122 2755 154 2790 δὲ
184 2756 241 2790 καὶ
260 2757 506 2802 Ἀριστοφάνης.
563 2754 620 2789 ΕΟ
640 2755 761 2801 magis
790 2755 858 2789 mi-

122 2819 205 2842 rum
227 2807 326 2854 quod
346 2807 407 2842 hic
427 2812 464 2842 et
484 2807 531 2842 ad
551 2823 586 2853 7,
605 2818 690 2853 199.
709 2808 738 2848 ὃ,
768 2807 856 2853 276.

121 2860 277 2895 verbum
310 2860 382 2895 hoc
415 2859 576 2907 legimus
611 2859 689 2894 sine
720 2860 858 2907 praevia

915 956 978 991 tali
1012 957 1296 993 observatione:
1333 970 1418 993 nam
1456 958 1555 1004 quod
1593 958 1652 993 hic

917 1009 1066 1056 quidem
1107 1011 1313 1057 subjicitur,
1354 1011 1391 1045 in
1431 1011 1650 1057 quibusdam

916 1063 1096 1110 exemplis
1118 1076 1247 1098 versus
1278 1064 1347 1098 hos
1374 1076 1449 1099 non
1475 1076 1556 1099 esse
1585 1077 1651 1111 po-

916 1116 1020 1157 sitos,
1057 1116 1093 1151 id
1115 1123 1178 1152 aut
1210 1117 1349 1152 factum
1377 1123 1455 1152 erat
1490 1118 1651 1152 auctori-

915 1175 992 1204 tate
1013 1169 1275 1216 Aristophanis
1307 1176 1370 1204 aut
1393 1171 1471 1217 jam
1493 1173 1578 1206 ante
1608 1171 1652 1205 il-

914 1222 1004 1257 lum.
1064 1223 1195 1257 Altero
1235 1229 1358 1257 autem
1395 1224 1490 1266 1000,
1531 1224 1578 1258 ad
1615 1240 1651 1270 «γ,

920 1287 1007 1322 199.
1039 1276 1101 1310 ubi
1131 1275 1246 1311 schol.
1270 1276 1316 1319 Q.
1348 1276 1422 1311 ita:
1455 1279 1543 1322 παρὰ
1566 1280 1650 1324 Ἀρι-

915 1331 1074 1376 στοφάνει
1094 1332 1327 1376 προηθετοῧντο,
1349 1329 1386 1364 in
1407 1329 1521 1364 SChOl.
1547 1329 1651 1364 Harl.

916 1381 1133 1428 simpliciter
1189 1382 1369 1429 scriptum
1417 1385 1654 1430 Ἀριστοφάνη,-

915 1434 1043 1477 hog-m:
1077 1447 1287 1481 quanquam
1309 1435 1379 1470 dici
1409 1440 1545 1482 potest,
1566 1435 1654 1470 Ari-

917 1487 1107 1522 starchum
1145 1488 1207 1529 ibi,
1241 1494 1281 1523 ut
1320 1489 1380 1535 qui
1409 1488 1654 1535 Aristophani

915 1539 1074 1575 fortasse
1095 1541 1317 1587 astipulatus
1339 1541 1397 1582 sit,
1419 1554 1494 1576 non
1510 1554 1653 1576 memo-

913 1593 1009 1627 rari:
1044 1594 1109 1629 sed
1143 1594 1180 1628 in
1213 1594 1297 1628 loco
1330 1594 1376 1628 ad
1411 1596 1438 1635 δ,
1469 1594 1555 1639 276.
1591 1594 1655 1628 ubi

913 1645 1028 1680 verba
1047 1648 1248 1693 προηθετεῖτο
1276 1651 1348 1693 παρ’
1371 1645 1456 1686 ἐνίας
1478 1649 1581 1691 (nam
1603 1647 1654 1682 sic

914 1698 1061 1734 videtur
1083 1699 1338 1744 scribendum)
1363 1699 1408 1734 ad
1431 1699 1651 1746 Aristopha-

914 1763 1000 1786 nem
1022 1756 1057 1785 et
1074 1751 1312 1786 Zenodotum
1332 1751 1461 1786 referri
1480 1759 1639 1798 possunt

918 1804 1108 1838 damnatio
1123 1804 1326 1839 Aristarchi
1340 1804 1562 1840 auctoritate
1574 1810 1650 1840 tam

917 1869 1049 1903 parum
1085 1856 1248 1892 stabilita
1277 1857 1435 1900 videtur,
1466 1863 1507 1892 ut
1542 1858 1650 1892 scho-

917 1909 1045 1944 liastes
1061 1922 1209 1944 versun]
1229 1909 1404 1945 defendat
1420 1910 1543 1956 potius
1560 1923 1651 1945 con-

919 1968 977 1997 tra
997 1964 1088 2002 ἐνίους
1107 1962 1202 1997 illos.
1261 1962 1420 1998 Videtur
1446 1963 1569 2010 itaque
1595 1964 1653 1998 his

913 2014 1006 2050 locis
1044 2015 1199 2050 verbum
1237 2018 1439 2062 προηθετεῒτο
1483 2021 1652 2063 spectare

914 2080 990 2102 non
1017 2068 1174 2111 ἀθέτησιν
1203 2067 1363 2114 aliquam
1393 2069 1650 2115 posteriorem,

916 2120 981 2156 sed
1012 2120 1165 2156 omnino
1193 2120 1336 2167 justam
1364 2121 1464 2156 illam
1493 2127 1530 2157 et
1561 2134 1652 2157 con-

915 2174 1058 2208 tinuam
1097 2178 1315 2220 poematum
1358 2173 1652 2210 Homericorum

914 2226 1185 2267 recensionem,
1228 2239 1308 2274 quae
1348 2227 1393 2262 ab
1431 2228 1652 2263 Aristarcho

914 2279 1087 2315 instituta
1107 2286 1175 2315 est.
1227 2279 1419 2326 Προηθέτουν
1439 2281 1563 2327 itaque
1582 2281 1652 2316 hos

914 2345 1045 2368 versus
1082 2332 1144 2373 illi,
1179 2338 1379 2379 antequam
1410 2333 1652 2368 Aristarchus

916 2386 961 2421 de
994 2385 1168 2421 omnibus
1208 2386 1367 2421 Homeri
1397 2386 1568 2422 versibus
1602 2387 1653 2422 ita

913 2438 1207 2485 pronuntiasset,
1229 2444 1270 2474 ut
1294 2439 1476 2485 judicium
1497 2440 1576 2486 ejus
1606 2440 1652 2474 ab

914 2504 958 2526 eo
988 2497 1157 2538 tempore
1188 2492 1305 2526 instar
1339 2492 1505 2527 omnium
1540 2498 1651 2528 esset.

913 2544 1109 2580 BUTTM.
1167 2545 1324 2580 Accedit
1352 2557 1452 2580 nunc
1483 2545 1649 2580 Atheno-

914 2597 989 2632 cles
1025 2598 1246 2645 Cyzicenus,
1288 2598 1350 2644 qui
1387 2597 1466 2645 ipse
1505 2610 1651 2644 quoque

915 2650 1101 2697 antiquior
1132 2650 1353 2686 Aristarcho
1383 2651 1651 2697 grammaticus

915 2708 996 2738 est:
1029 2703 1091 2750 qui
1116 2703 1297 2751 Odysseae
1327 2715 1476 2738 versum
1506 2701 1536 2743 ξ,
1561 2713 1650 2750 507.

912 2758 1158 2802 προηθετηκέναι
1196 2756 1331 2791 dicitur
1369 2756 1414 2791 ab
1451 2755 1651 2791 scholiasta

913 2808 1051 2843 codicis
1073 2808 1127 2844 H,

968 2859 1054 2907 ἔνια]
1080 2863 1163 2897 ἐνίων
1184 2861 1284 2904 Q-R.

1041 2935 1112 2961 DZ
