<?xml version="1.0" encoding="UTF-8"?>
<!DOCTYPE html PUBLIC "-//W3C//DTD XHTML 1.0 Transitional//EN"
    "http://www.w3.org/TR/xhtml1/DTD/xhtml1-transitional.dtd">
<html xmlns="http://www.w3.org/1999/xhtml" xml:lang="en" lang="en">
 <head>
  <title>
</title>
<meta http-equiv="Content-Type" content="text/html;charset=utf-8" />
  <meta name='ocr-system' content='tesseract 3.04.00' />
  <meta name='ocr-capabilities' content='ocr_page ocr_carea ocr_par ocr_line ocrx_word'/>
</head>
<body>
  <div class='ocr_page' id='page_1' title='image "./scholiagraeodyss01homeuoft/scholiagraeodyss01homeuoft_0052.png"; bbox 0 0 1907 3270; ppageno 0'>
   <div class='ocr_carea' id='block_1_1' title="bbox 202 113 1175 161">
    <p class='ocr_par' dir='ltr' id='par_1_1' title="bbox 202 113 1175 161">
     <span class='ocr_line' id='line_1_1' title="bbox 202 113 1175 161; baseline 0.001 0"><span class='ocrx_word' id='word_1_1' title='bbox 202 117 330 161; x_wconf 82' lang='lat' dir='ltr'>xlviii</span> <span class='ocrx_word' id='word_1_2' title='bbox 757 113 1175 161; x_wconf 83' lang='lat' dir='ltr'>PRAEFATIO.</span> 
     </span>
    </p>
   </div>
   <div class='ocr_carea' id='block_1_2' title="bbox 199 228 1730 2802">
    <p class='ocr_par' dir='ltr' id='par_1_2' title="bbox 200 228 1729 445">
     <span class='ocr_line' id='line_1_2' title="bbox 201 228 1729 290; baseline -0.001 -15"><span class='ocrx_word' id='word_1_3' title='bbox 201 229 290 283; x_wconf 83' lang='grc' dir='ltr'>ἅμα</span> <span class='ocrx_word' id='word_1_4' title='bbox 317 229 360 274; x_wconf 71' lang='grc' dir='ltr'>δὲ</span> <span class='ocrx_word' id='word_1_5' title='bbox 385 228 458 283; x_wconf 92' lang='lat' dir='ltr'>D.,</span> <span class='ocrx_word' id='word_1_6' title='bbox 484 229 563 287; x_wconf 87' lang='lat' dir='ltr'>qui</span> <span class='ocrx_word' id='word_1_7' title='bbox 588 229 691 273; x_wconf 82' lang='lat' dir='ltr'>haeo</span> <span class='ocrx_word' id='word_1_8' title='bbox 712 235 818 287; x_wconf 75' lang='lat' dir='ltr'>post</span> <span class='ocrx_word' id='word_1_9' title='bbox 841 229 1092 281; x_wconf 79' lang='grc' dir='ltr'>ἀποπέμπει</span> <span class='ocrx_word' id='word_1_10' title='bbox 1121 230 1169 287; x_wconf 87' lang='lat' dir='ltr'>(l.</span> <span class='ocrx_word' id='word_1_11' title='bbox 1192 233 1251 290; x_wconf 90' lang='lat'>8.)</span> <span class='ocrx_word' id='word_1_12' title='bbox 1277 231 1431 276; x_wconf 76' lang='lat' dir='ltr'>habet.</span> <span class='ocrx_word' id='word_1_13' title='bbox 1612 236 1729 274; x_wconf 85' lang='grc' dir='ltr'>ποιεῖ</span> 
     </span>
     <span class='ocr_line' id='line_1_3' title="bbox 200 304 1723 364; baseline 0.001 -14"><span class='ocrx_word' id='word_1_14' title='bbox 200 304 278 351; x_wconf 81' lang='grc' dir='ltr'>τὸν</span> <span class='ocrx_word' id='word_1_15' title='bbox 305 306 463 350; x_wconf 82' lang='grc' dir='ltr'>νεανίαν</span> <span class='ocrx_word' id='word_1_16' title='bbox 488 310 592 364; x_wconf 76' lang='lat' dir='ltr'>post</span> <span class='ocrx_word' id='word_1_17' title='bbox 616 305 670 352; x_wconf 80' lang='grc' dir='ltr'>εἷς</span> <span class='ocrx_word' id='word_1_18' title='bbox 693 305 771 356; x_wconf 80' lang='grc' dir='ltr'>τὴν</span> <span class='ocrx_word' id='word_1_19' title='bbox 795 305 933 349; x_wconf 78' lang='grc' dir='ltr'>πύλον</span> <span class='ocrx_word' id='word_1_20' title='bbox 960 305 1022 350; x_wconf 92' lang='grc' dir='ltr'>Η.</span> <span class='ocrx_word' id='word_1_21' title='bbox 1273 312 1340 352; x_wconf 87' lang='lat'>26.</span> <span class='ocrx_word' id='word_1_22' title='bbox 1364 307 1434 353; x_wconf 83' lang='lat'>28.</span> <span class='ocrx_word' id='word_1_23' title='bbox 1461 307 1582 352; x_wconf 87' lang='lat' dir='ltr'>Cum</span> <span class='ocrx_word' id='word_1_24' title='bbox 1608 306 1723 351; x_wconf 85' lang='lat' dir='ltr'>B.E.</span> 
     </span>
     <span class='ocr_line' id='line_1_4' title="bbox 201 381 1614 445; baseline 0 -17"><span class='ocrx_word' id='word_1_25' title='bbox 201 383 434 428; x_wconf 80' lang='lat' dir='ltr'>consentit</span> <span class='ocrx_word' id='word_1_26' title='bbox 459 381 533 434; x_wconf 86' lang='lat' dir='ltr'>D.,</span> <span class='ocrx_word' id='word_1_27' title='bbox 560 382 645 426; x_wconf 85' lang='lat' dir='ltr'>nisi</span> <span class='ocrx_word' id='word_1_28' title='bbox 671 382 795 441; x_wconf 89' lang='lat' dir='ltr'>quod</span> <span class='ocrx_word' id='word_1_29' title='bbox 822 382 852 426; x_wconf 97' lang='lat' dir='ltr'>l.</span> <span class='ocrx_word' id='word_1_30' title='bbox 875 387 941 428; x_wconf 86' lang='lat'>26.</span> <span class='ocrx_word' id='word_1_31' title='bbox 968 399 1050 442; x_wconf 85' lang='lat' dir='ltr'>pro</span> <span class='ocrx_word' id='word_1_32' title='bbox 1075 383 1236 444; x_wconf 75' lang='grc' dir='ltr'>εἴρηται</span> <span class='ocrx_word' id='word_1_33' title='bbox 1266 384 1407 428; x_wconf 83' lang='lat' dir='ltr'>habet</span> <span class='ocrx_word' id='word_1_34' title='bbox 1431 385 1614 445; x_wconf 81' lang='grc' dir='ltr'>ἱστορεῖ.</span> 
     </span>
    </p>

    <p class='ocr_par' dir='ltr' id='par_1_3' title="bbox 199 457 1723 750">
     <span class='ocr_line' id='line_1_5' title="bbox 269 457 1723 519; baseline 0.001 -18"><span class='ocrx_word' id='word_1_35' title='bbox 269 458 319 502; x_wconf 86' lang='grc' dir='ltr'>Ρ.</span> <span class='ocrx_word' id='word_1_36' title='bbox 345 475 437 516; x_wconf 86' lang='grc'><strong>119,</strong></span> <span class='ocrx_word' id='word_1_37' title='bbox 465 476 503 516; x_wconf 88' lang='grc'>9.</span> <span class='ocrx_word' id='word_1_38' title='bbox 541 457 783 503; x_wconf 71' lang='grc' dir='ltr'>Ποσειδῶνι</span> <span class='ocrx_word' id='word_1_39' title='bbox 811 459 979 503; x_wconf 79' lang='grc' dir='ltr'>Θύουσιν</span> <span class='ocrx_word' id='word_1_40' title='bbox 1004 466 1052 504; x_wconf 76' lang='lat' dir='ltr'>et</span> <span class='ocrx_word' id='word_1_41' title='bbox 1077 459 1255 519; x_wconf 80' lang='lat' dir='ltr'>reliqua</span> <span class='ocrx_word' id='word_1_42' title='bbox 1284 461 1426 504; x_wconf 78' lang='lat' dir='ltr'>habet</span> <span class='ocrx_word' id='word_1_43' title='bbox 1452 459 1515 505; x_wconf 86' lang='lat' dir='ltr'>H.</span> <span class='ocrx_word' id='word_1_44' title='bbox 1587 460 1723 505; x_wconf 81' lang='lat' dir='ltr'>Idem</span> 
     </span>
     <span class='ocr_line' id='line_1_6' title="bbox 200 533 1721 598; baseline 0.001 -20"><span class='ocrx_word' id='word_1_45' title='bbox 200 550 294 578; x_wconf 86' lang='lat' dir='ltr'>non</span> <span class='ocrx_word' id='word_1_46' title='bbox 335 534 489 590; x_wconf 78' lang='grc' dir='ltr'>τούτῳ,</span> <span class='ocrx_word' id='word_1_47' title='bbox 532 535 612 579; x_wconf 80' lang='lat' dir='ltr'>sed</span> <span class='ocrx_word' id='word_1_48' title='bbox 647 538 711 592; x_wconf 81' lang='grc' dir='ltr'>τῷ</span> <span class='ocrx_word' id='word_1_49' title='bbox 747 533 928 587; x_wconf 73' lang='grc' dir='ltr'>δαίμονι.</span> <span class='ocrx_word' id='word_1_50' title='bbox 1138 541 1201 580; x_wconf 88' lang='lat'>16.</span> <span class='ocrx_word' id='word_1_51' title='bbox 1238 535 1426 592; x_wconf 85' lang='grc' dir='ltr'>Α’ίπυος]</span> <span class='ocrx_word' id='word_1_52' title='bbox 1472 535 1620 598; x_wconf 79' lang='grc' dir='ltr'>α’ίχυος</span> <span class='ocrx_word' id='word_1_53' title='bbox 1662 535 1721 580; x_wconf 90' lang='lat' dir='ltr'>D.</span> 
     </span>
     <span class='ocr_line' id='line_1_7' title="bbox 203 609 1719 673; baseline 0.001 -18"><span class='ocrx_word' id='word_1_54' title='bbox 203 628 269 658; x_wconf 90' lang='lat'>22.</span> <span class='ocrx_word' id='word_1_55' title='bbox 296 612 341 654; x_wconf 78' lang='grc' dir='ltr'>αἶ</span> <span class='ocrx_word' id='word_1_56' title='bbox 363 615 449 662; x_wconf 82' lang='grc' dir='ltr'>νῆες</span> <span class='ocrx_word' id='word_1_57' title='bbox 473 610 598 665; x_wconf 71' lang='grc' dir='ltr'>ἦσαν]</span> <span class='ocrx_word' id='word_1_58' title='bbox 631 610 739 661; x_wconf 70' lang='grc' dir='ltr'>ἦσαν</span> <span class='ocrx_word' id='word_1_59' title='bbox 763 612 808 654; x_wconf 81' lang='grc' dir='ltr'>αἱ</span> <span class='ocrx_word' id='word_1_60' title='bbox 832 615 918 662; x_wconf 78' lang='grc' dir='ltr'>νῆες</span> <span class='ocrx_word' id='word_1_61' title='bbox 945 609 1009 654; x_wconf 88' lang='grc' dir='ltr'>Η.</span> <span class='ocrx_word' id='word_1_62' title='bbox 1225 627 1290 669; x_wconf 89' lang='grc'>25.</span> <span class='ocrx_word' id='word_1_63' title='bbox 1315 612 1719 673; x_wconf 80' lang='grc' dir='ltr'>ταλαιπωρεῖσθαι]</span> 
     </span>
     <span class='ocr_line' id='line_1_8' title="bbox 199 686 1707 750; baseline 0.002 -20"><span class='ocrx_word' id='word_1_64' title='bbox 199 690 627 748; x_wconf 84' lang='grc' dir='ltr'>τεταλαιπωρεῖσθαι</span> <span class='ocrx_word' id='word_1_65' title='bbox 654 687 700 731; x_wconf 84' lang='lat' dir='ltr'>S.</span> <span class='ocrx_word' id='word_1_66' title='bbox 772 686 1081 732; x_wconf 70' lang='lat' dir='ltr'>scribendum</span> <span class='ocrx_word' id='word_1_67' title='bbox 1108 688 1252 747; x_wconf 76' lang='lat' dir='ltr'>igitur</span> <span class='ocrx_word' id='word_1_68' title='bbox 1275 691 1707 750; x_wconf 78' lang='grc' dir='ltr'>τεταλαιπωρῆσθαι.</span> 
     </span>
    </p>

    <p class='ocr_par' dir='ltr' id='par_1_4' title="bbox 201 761 1723 975">
     <span class='ocr_line' id='line_1_9' title="bbox 269 761 1723 825; baseline 0.001 -18"><span class='ocrx_word' id='word_1_69' title='bbox 269 763 321 808; x_wconf 85' lang='lat' dir='ltr'>P.</span> <span class='ocrx_word' id='word_1_70' title='bbox 348 780 439 817; x_wconf 82' lang='lat'>120,</span> <span class='ocrx_word' id='word_1_71' title='bbox 465 780 528 808; x_wconf 93' lang='lat'>11.</span> <span class='ocrx_word' id='word_1_72' title='bbox 554 762 608 808; x_wconf 83' lang='grc' dir='ltr'>τὸ</span> <span class='ocrx_word' id='word_1_73' title='bbox 635 761 808 821; x_wconf 83' lang='grc' dir='ltr'>ὅμοιον]</span> <span class='ocrx_word' id='word_1_74' title='bbox 837 762 891 807; x_wconf 82' lang='grc' dir='ltr'>τὸ</span> <span class='ocrx_word' id='word_1_75' title='bbox 917 779 1008 809; x_wconf 87' lang='lat' dir='ltr'>om.</span> <span class='ocrx_word' id='word_1_76' title='bbox 1037 763 1100 808; x_wconf 90' lang='lat' dir='ltr'>H.</span> <span class='ocrx_word' id='word_1_77' title='bbox 1303 780 1366 821; x_wconf 92' lang='lat'>17.</span> <span class='ocrx_word' id='word_1_78' title='bbox 1393 769 1456 809; x_wconf 81' lang='grc' dir='ltr'>νῦν</span> <span class='ocrx_word' id='word_1_79' title='bbox 1482 772 1587 825; x_wconf 78' lang='lat' dir='ltr'>post</span> <span class='ocrx_word' id='word_1_80' title='bbox 1612 766 1723 809; x_wconf 86' lang='grc' dir='ltr'>ἆπο-</span> 
     </span>
     <span class='ocr_line' id='line_1_10' title="bbox 202 838 1723 900; baseline 0.001 -16"><span class='ocrx_word' id='word_1_81' title='bbox 202 840 355 884; x_wconf 83' lang='grc' dir='ltr'>θέσθαι</span> <span class='ocrx_word' id='word_1_82' title='bbox 384 839 446 884; x_wconf 94' lang='grc' dir='ltr'>Η.</span> <span class='ocrx_word' id='word_1_83' title='bbox 741 843 806 884; x_wconf 89' lang='grc'>18.</span> <span class='ocrx_word' id='word_1_84' title='bbox 831 838 957 899; x_wconf 71' lang='grc' dir='ltr'>ἦθος]</span> <span class='ocrx_word' id='word_1_85' title='bbox 988 840 1184 885; x_wconf 84' lang='lat' dir='ltr'>Praestat</span> <span class='ocrx_word' id='word_1_86' title='bbox 1208 841 1316 894; x_wconf 78' lang='grc' dir='ltr'>ἔθος,</span> <span class='ocrx_word' id='word_1_87' title='bbox 1342 842 1464 900; x_wconf 91' lang='lat' dir='ltr'>quod</span> <span class='ocrx_word' id='word_1_88' title='bbox 1490 850 1560 887; x_wconf 84' lang='lat' dir='ltr'>est</span> <span class='ocrx_word' id='word_1_89' title='bbox 1584 843 1631 886; x_wconf 86' lang='lat' dir='ltr'>in</span> <span class='ocrx_word' id='word_1_90' title='bbox 1659 841 1723 885; x_wconf 91' lang='lat' dir='ltr'>H.</span> 
     </span>
     <span class='ocr_line' id='line_1_11' title="bbox 201 915 1723 975; baseline 0.002 -15"><span class='ocrx_word' id='word_1_91' title='bbox 201 915 420 975; x_wconf 76' lang='grc' dir='ltr'>ἀδαήμων]</span> <span class='ocrx_word' id='word_1_92' title='bbox 449 915 631 969; x_wconf 73' lang='grc' dir='ltr'>αἰδήμων</span> <span class='ocrx_word' id='word_1_93' title='bbox 658 915 720 961; x_wconf 92' lang='grc' dir='ltr'>Η.</span> <span class='ocrx_word' id='word_1_94' title='bbox 922 933 989 961; x_wconf 86' lang='grc'>21.</span> <span class='ocrx_word' id='word_1_95' title='bbox 1014 917 1110 961; x_wconf 88' lang='grc' dir='ltr'>ἐστι</span> <span class='ocrx_word' id='word_1_96' title='bbox 1136 933 1229 961; x_wconf 85' lang='grc'><strong>11011</strong></span> <span class='ocrx_word' id='word_1_97' title='bbox 1254 933 1360 971; x_wconf 63' lang='lat' dir='ltr'>om„</span> <span class='ocrx_word' id='word_1_98' title='bbox 1386 919 1466 963; x_wconf 88' lang='lat' dir='ltr'>sed</span> <span class='ocrx_word' id='word_1_99' title='bbox 1492 919 1633 963; x_wconf 81' lang='lat' dir='ltr'>habet</span> <span class='ocrx_word' id='word_1_100' title='bbox 1660 918 1723 963; x_wconf 95' lang='lat' dir='ltr'>H.</span> 
     </span>
    </p>

    <p class='ocr_par' dir='ltr' id='par_1_5' title="bbox 202 992 1726 1206">
     <span class='ocr_line' id='line_1_12' title="bbox 270 992 1722 1055; baseline 0.001 -19"><span class='ocrx_word' id='word_1_101' title='bbox 270 992 322 1037; x_wconf 89' lang='lat' dir='ltr'>P.</span> <span class='ocrx_word' id='word_1_102' title='bbox 343 1009 435 1044; x_wconf 84' lang='lat'>121,</span> <span class='ocrx_word' id='word_1_103' title='bbox 462 1011 501 1051; x_wconf 89' lang='lat'>9.</span> <span class='ocrx_word' id='word_1_104' title='bbox 538 994 560 1037; x_wconf 88' lang='grc' dir='ltr'>ὁ</span> <span class='ocrx_word' id='word_1_105' title='bbox 588 992 787 1042; x_wconf 65' lang='grc' dir='ltr'>ὀδυσσευς</span> <span class='ocrx_word' id='word_1_106' title='bbox 811 994 834 1037; x_wconf 88' lang='grc' dir='ltr'>ὁ</span> <span class='ocrx_word' id='word_1_107' title='bbox 859 1014 906 1037; x_wconf 89' lang='grc' dir='ltr'>π.</span> <span class='ocrx_word' id='word_1_108' title='bbox 934 994 993 1038; x_wconf 91' lang='lat' dir='ltr'>D.</span> <span class='ocrx_word' id='word_1_109' title='bbox 1221 1011 1284 1049; x_wconf 90' lang='lat'>14.</span> <span class='ocrx_word' id='word_1_110' title='bbox 1310 994 1722 1055; x_wconf 84' lang='grc' dir='ltr'>προσεταιρῖσομαι,</span> 
     </span>
     <span class='ocr_line' id='line_1_13' title="bbox 202 1069 1726 1132; baseline 0.001 -19"><span class='ocrx_word' id='word_1_111' title='bbox 202 1090 248 1114; x_wconf 79' lang='grc' dir='ltr'>π.</span> <span class='ocrx_word' id='word_1_112' title='bbox 277 1072 328 1130; x_wconf 86' lang='grc' dir='ltr'>φ.</span> <span class='ocrx_word' id='word_1_113' title='bbox 353 1069 635 1130; x_wconf 80' lang='lat' dir='ltr'>glossemata</span> <span class='ocrx_word' id='word_1_114' title='bbox 669 1076 778 1115; x_wconf 89' lang='lat' dir='ltr'>sunt</span> <span class='ocrx_word' id='word_1_115' title='bbox 810 1071 858 1115; x_wconf 90' lang='lat' dir='ltr'>in</span> <span class='ocrx_word' id='word_1_116' title='bbox 893 1069 984 1115; x_wconf 87' lang='lat' dir='ltr'>H.:</span> <span class='ocrx_word' id='word_1_117' title='bbox 1027 1071 1206 1129; x_wconf 78' lang='lat' dir='ltr'>reliqua</span> <span class='ocrx_word' id='word_1_118' title='bbox 1232 1074 1412 1132; x_wconf 80' lang='grc' dir='ltr'><strong>(προσκ.</strong></span> <span class='ocrx_word' id='word_1_119' title='bbox 1438 1091 1487 1115; x_wconf 82' lang='grc' dir='ltr'>π.</span> <span class='ocrx_word' id='word_1_120' title='bbox 1511 1069 1567 1116; x_wconf 84' lang='grc' dir='ltr'>τὸ</span> <span class='ocrx_word' id='word_1_121' title='bbox 1592 1070 1633 1116; x_wconf 82' lang='grc' dir='ltr'>ἁ.</span> <span class='ocrx_word' id='word_1_122' title='bbox 1659 1071 1726 1127; x_wconf 83' lang='grc' dir='ltr'><strong>εἰ.)</strong></span> 
     </span>
     <span class='ocr_line' id='line_1_14' title="bbox 203 1146 1446 1206; baseline 0.001 -16"><span class='ocrx_word' id='word_1_123' title='bbox 203 1152 310 1190; x_wconf 86' lang='lat' dir='ltr'>sunt</span> <span class='ocrx_word' id='word_1_124' title='bbox 334 1147 380 1190; x_wconf 89' lang='lat' dir='ltr'>in</span> <span class='ocrx_word' id='word_1_125' title='bbox 406 1147 629 1206; x_wconf 81' lang='lat' dir='ltr'>margine.</span> <span class='ocrx_word' id='word_1_126' title='bbox 835 1164 901 1206; x_wconf 81' lang='lat'>23.</span> <span class='ocrx_word' id='word_1_127' title='bbox 927 1147 1245 1199; x_wconf 79' lang='grc' dir='ltr'>συμπλεκτικός</span> <span class='ocrx_word' id='word_1_128' title='bbox 1269 1163 1359 1191; x_wconf 89' lang='lat' dir='ltr'>om.</span> <span class='ocrx_word' id='word_1_129' title='bbox 1383 1146 1446 1191; x_wconf 91' lang='lat' dir='ltr'>H.</span> 
     </span>
    </p>

    <p class='ocr_par' dir='ltr' id='par_1_6' title="bbox 203 1223 1729 1823">
     <span class='ocr_line' id='line_1_15' title="bbox 273 1223 1725 1283; baseline 0.001 -17"><span class='ocrx_word' id='word_1_130' title='bbox 273 1223 322 1267; x_wconf 86' lang='lat' dir='ltr'>P.</span> <span class='ocrx_word' id='word_1_131' title='bbox 354 1239 447 1277; x_wconf 84' lang='lat'>122,</span> <span class='ocrx_word' id='word_1_132' title='bbox 480 1240 544 1267; x_wconf 90' lang='lat'>10.</span> <span class='ocrx_word' id='word_1_133' title='bbox 589 1223 909 1283; x_wconf 78' lang='grc' dir='ltr'>συνέσταλται]</span> <span class='ocrx_word' id='word_1_134' title='bbox 955 1224 1275 1268; x_wconf 86' lang='grc' dir='ltr'>συνεσταλτέον</span> <span class='ocrx_word' id='word_1_135' title='bbox 1318 1224 1482 1282; x_wconf 76' lang='lat' dir='ltr'>(literis</span> <span class='ocrx_word' id='word_1_136' title='bbox 1518 1243 1563 1267; x_wconf 88' lang='grc' dir='ltr'>ον</span> <span class='ocrx_word' id='word_1_137' title='bbox 1600 1239 1725 1269; x_wconf 82' lang='lat' dir='ltr'>com-</span> 
     </span>
     <span class='ocr_line' id='line_1_16' title="bbox 204 1298 1726 1359; baseline 0.001 -17"><span class='ocrx_word' id='word_1_138' title='bbox 204 1299 373 1357; x_wconf 85' lang='lat' dir='ltr'>pendio</span> <span class='ocrx_word' id='word_1_139' title='bbox 398 1299 644 1358; x_wconf 82' lang='lat' dir='ltr'>expressis)</span> <span class='ocrx_word' id='word_1_140' title='bbox 673 1298 735 1343; x_wconf 90' lang='lat' dir='ltr'>H.</span> <span class='ocrx_word' id='word_1_141' title='bbox 790 1299 929 1352; x_wconf 84' lang='lat' dir='ltr'>Quod</span> <span class='ocrx_word' id='word_1_142' title='bbox 956 1300 1233 1344; x_wconf 83' lang='grc' dir='ltr'>συσταλτέον</span> <span class='ocrx_word' id='word_1_143' title='bbox 1257 1315 1355 1344; x_wconf 89' lang='lat' dir='ltr'>esse</span> <span class='ocrx_word' id='word_1_144' title='bbox 1379 1306 1549 1359; x_wconf 91' lang='lat' dir='ltr'>potest.</span> <span class='ocrx_word' id='word_1_145' title='bbox 1604 1298 1726 1344; x_wconf 83' lang='lat' dir='ltr'>Prae-</span> 
     </span>
     <span class='ocr_line' id='line_1_17' title="bbox 203 1375 1724 1437; baseline 0.001 -19"><span class='ocrx_word' id='word_1_146' title='bbox 203 1375 292 1419; x_wconf 75' lang='lat' dir='ltr'>tuli</span> <span class='ocrx_word' id='word_1_147' title='bbox 317 1375 625 1427; x_wconf 80' lang='grc' dir='ltr'>συνέσταλται,</span> <span class='ocrx_word' id='word_1_148' title='bbox 651 1381 705 1420; x_wconf 73' lang='lat' dir='ltr'>ut</span> <span class='ocrx_word' id='word_1_149' title='bbox 728 1391 772 1435; x_wconf 86' lang='lat' dir='ltr'>p.</span> <span class='ocrx_word' id='word_1_150' title='bbox 797 1381 890 1433; x_wconf 87' lang='lat'>167,</span> <span class='ocrx_word' id='word_1_151' title='bbox 919 1393 985 1422; x_wconf 89' lang='lat'>22.</span> <span class='ocrx_word' id='word_1_152' title='bbox 1011 1383 1060 1423; x_wconf 74' lang='lat' dir='ltr'>et</span> <span class='ocrx_word' id='word_1_153' title='bbox 1084 1377 1210 1422; x_wconf 79' lang='lat' dir='ltr'>alibi.</span> <span class='ocrx_word' id='word_1_154' title='bbox 1459 1381 1524 1421; x_wconf 87' lang='lat'>16.</span> <span class='ocrx_word' id='word_1_155' title='bbox 1549 1375 1724 1437; x_wconf 79' lang='grc' dir='ltr'>τέρπει]</span> 
     </span>
     <span class='ocr_line' id='line_1_18' title="bbox 205 1450 1728 1513; baseline 0.001 -18"><span class='ocrx_word' id='word_1_156' title='bbox 205 1452 367 1512; x_wconf 81' lang='lat' dir='ltr'>Pergit</span> <span class='ocrx_word' id='word_1_157' title='bbox 393 1450 451 1495; x_wconf 89' lang='lat' dir='ltr'>D.</span> <span class='ocrx_word' id='word_1_158' title='bbox 488 1451 511 1503; x_wconf 72' lang='grc' dir='ltr'>’ἦ</span> <span class='ocrx_word' id='word_1_159' title='bbox 547 1452 790 1513; x_wconf 83' lang='grc' dir='ltr'>παρέπεται</span> <span class='ocrx_word' id='word_1_160' title='bbox 826 1459 919 1501; x_wconf 85' lang='grc' dir='ltr'>τοῖς</span> <span class='ocrx_word' id='word_1_161' title='bbox 957 1453 1141 1512; x_wconf 74' lang='grc' dir='ltr'>ἀγαθοῖς</span> <span class='ocrx_word' id='word_1_162' title='bbox 1177 1458 1261 1499; x_wconf 81' lang='grc' dir='ltr'>τῶν</span> <span class='ocrx_word' id='word_1_163' title='bbox 1291 1454 1387 1498; x_wconf 86' lang='grc' dir='ltr'>νέων</span> <span class='ocrx_word' id='word_1_164' title='bbox 1416 1452 1515 1501; x_wconf 78' lang='grc' dir='ltr'>τοὺς</span> <span class='ocrx_word' id='word_1_165' title='bbox 1550 1452 1728 1501; x_wconf 78' lang='grc' dir='ltr'>λοιποὺς</span> 
     </span>
     <span class='ocr_line' id='line_1_19' title="bbox 204 1528 1728 1594; baseline 0.002 -21"><span class='ocrx_word' id='word_1_166' title='bbox 204 1528 536 1592; x_wconf 78' lang='grc' dir='ltr'>προλαμβάνειν</span> <span class='ocrx_word' id='word_1_167' title='bbox 576 1536 673 1578; x_wconf 84' lang='grc' dir='ltr'>ταῖς</span> <span class='ocrx_word' id='word_1_168' title='bbox 715 1530 754 1574; x_wconf 83' lang='grc' dir='ltr'>ἆ.</span> <span class='ocrx_word' id='word_1_169' title='bbox 797 1551 835 1574; x_wconf 89' lang='grc' dir='ltr'>κ.</span> <span class='ocrx_word' id='word_1_170' title='bbox 878 1551 925 1576; x_wconf 93' lang='grc' dir='ltr'>π.</span> <span class='ocrx_word' id='word_1_171' title='bbox 964 1531 1041 1583; x_wconf 77' lang='grc' dir='ltr'>τὴν</span> <span class='ocrx_word' id='word_1_172' title='bbox 1083 1536 1136 1594; x_wconf 81' lang='grc' dir='ltr'>φ.</span> <span class='ocrx_word' id='word_1_173' title='bbox 1178 1533 1240 1593; x_wconf 90' lang='lat' dir='ltr'>(p.</span> <span class='ocrx_word' id='word_1_174' title='bbox 1283 1548 1375 1585; x_wconf 85' lang='lat'>122,</span> <span class='ocrx_word' id='word_1_175' title='bbox 1416 1548 1481 1576; x_wconf 89' lang='grc' dir='ltr'>ΙΙ.</span> <span class='ocrx_word' id='word_1_176' title='bbox 1523 1532 1636 1589; x_wconf 88' lang='lat'>12.):</span> <span class='ocrx_word' id='word_1_177' title='bbox 1663 1558 1728 1565; x_wconf 89' lang='lat'>—</span> 
     </span>
     <span class='ocr_line' id='line_1_20' title="bbox 206 1606 1729 1670; baseline 0 -19"><span class='ocrx_word' id='word_1_178' title='bbox 206 1624 272 1652; x_wconf 90' lang='lat'>22.</span> <span class='ocrx_word' id='word_1_179' title='bbox 298 1606 453 1666; x_wconf 83' lang='grc' dir='ltr'>κώασι]</span> <span class='ocrx_word' id='word_1_180' title='bbox 486 1610 603 1657; x_wconf 79' lang='grc' dir='ltr'>κῶας,</span> <span class='ocrx_word' id='word_1_181' title='bbox 630 1606 652 1651; x_wconf 73' lang='grc' dir='ltr'><strong>ὃ</strong></span> <span class='ocrx_word' id='word_1_182' title='bbox 678 1607 869 1659; x_wconf 83' lang='grc' dir='ltr'>σημαίνει</span> <span class='ocrx_word' id='word_1_183' title='bbox 895 1606 951 1652; x_wconf 82' lang='grc' dir='ltr'>τὸ</span> <span class='ocrx_word' id='word_1_184' title='bbox 977 1606 1111 1670; x_wconf 73' lang='grc' dir='ltr'>δέρμα</span> <span class='ocrx_word' id='word_1_185' title='bbox 1139 1609 1201 1653; x_wconf 91' lang='grc' dir='ltr'><strong>Η.</strong></span> <span class='ocrx_word' id='word_1_186' title='bbox 1227 1616 1369 1654; x_wconf 79' lang='lat' dir='ltr'>reete.</span> <span class='ocrx_word' id='word_1_187' title='bbox 1507 1625 1574 1667; x_wconf 84' lang='lat'>23.</span> <span class='ocrx_word' id='word_1_188' title='bbox 1599 1610 1729 1661; x_wconf 81' lang='grc' dir='ltr'>καθη-</span> 
     </span>
     <span class='ocr_line' id='line_1_21' title="bbox 203 1682 1729 1747; baseline 0.001 -20"><span class='ocrx_word' id='word_1_189' title='bbox 203 1682 384 1742; x_wconf 85' lang='grc' dir='ltr'>κόντως]</span> <span class='ocrx_word' id='word_1_190' title='bbox 413 1683 718 1745; x_wconf 81' lang='grc' dir='ltr'>προσηκόντως</span> <span class='ocrx_word' id='word_1_191' title='bbox 742 1684 802 1729; x_wconf 87' lang='lat' dir='ltr'>D.</span> <span class='ocrx_word' id='word_1_192' title='bbox 1016 1699 1082 1743; x_wconf 83' lang='lat'>25.</span> <span class='ocrx_word' id='word_1_193' title='bbox 1109 1686 1362 1747; x_wconf 79' lang='grc' dir='ltr'>στρατείας]</span> <span class='ocrx_word' id='word_1_194' title='bbox 1394 1690 1469 1737; x_wconf 77' lang='grc' dir='ltr'>τῆς</span> <span class='ocrx_word' id='word_1_195' title='bbox 1493 1685 1729 1746; x_wconf 82' lang='grc' dir='ltr'>στρατείας</span> 
     </span>
     <span class='ocr_line' id='line_1_22' title="bbox 206 1759 1221 1823; baseline 0.002 -19"><span class='ocrx_word' id='word_1_196' title='bbox 206 1759 264 1804; x_wconf 84' lang='lat' dir='ltr'>D.</span> <span class='ocrx_word' id='word_1_197' title='bbox 292 1766 433 1805; x_wconf 76' lang='lat' dir='ltr'>recte.</span> <span class='ocrx_word' id='word_1_198' title='bbox 638 1776 704 1817; x_wconf 89' lang='lat'>27.</span> <span class='ocrx_word' id='word_1_199' title='bbox 730 1761 938 1822; x_wconf 79' lang='grc' dir='ltr'>χρυσείῳ]</span> <span class='ocrx_word' id='word_1_200' title='bbox 962 1762 1131 1823; x_wconf 81' lang='grc' dir='ltr'>χρυσέῳ</span> <span class='ocrx_word' id='word_1_201' title='bbox 1158 1762 1221 1806; x_wconf 90' lang='grc' dir='ltr'>Η.</span> 
     </span>
    </p>

    <p class='ocr_par' dir='ltr' id='par_1_7' title="bbox 204 1834 1729 2127">
     <span class='ocr_line' id='line_1_23' title="bbox 272 1834 1729 1899; baseline 0.001 -20"><span class='ocrx_word' id='word_1_202' title='bbox 272 1834 324 1879; x_wconf 86' lang='grc' dir='ltr'>Ρ.</span> <span class='ocrx_word' id='word_1_203' title='bbox 347 1852 438 1894; x_wconf 78' lang='grc'><strong>123,</strong></span> <span class='ocrx_word' id='word_1_204' title='bbox 462 1840 499 1881; x_wconf 86' lang='grc'>8.</span> <span class='ocrx_word' id='word_1_205' title='bbox 538 1835 616 1881; x_wconf 84' lang='lat' dir='ltr'>Gl.</span> <span class='ocrx_word' id='word_1_206' title='bbox 642 1836 877 1897; x_wconf 80' lang='grc' dir='ltr'>ἐπετύχετε</span> <span class='ocrx_word' id='word_1_207' title='bbox 901 1844 950 1881; x_wconf 71' lang='lat' dir='ltr'>et</span> <span class='ocrx_word' id='word_1_208' title='bbox 980 1838 1123 1882; x_wconf 76' lang='lat' dir='ltr'>schol.</span> <span class='ocrx_word' id='word_1_209' title='bbox 1148 1839 1553 1899; x_wconf 72' lang='grc' dir='ltr'>τοῦ-εὐωχοῦνται</span> <span class='ocrx_word' id='word_1_210' title='bbox 1585 1839 1729 1883; x_wconf 74' lang='lat' dir='ltr'>habet</span> 
     </span>
     <span class='ocr_line' id='line_1_24' title="bbox 208 1910 1727 1973; baseline 0.003 -20"><span class='ocrx_word' id='word_1_211' title='bbox 208 1910 272 1954; x_wconf 91' lang='lat' dir='ltr'>H.</span> <span class='ocrx_word' id='word_1_212' title='bbox 431 1929 495 1969; x_wconf 85' lang='lat'>15.</span> <span class='ocrx_word' id='word_1_213' title='bbox 520 1912 590 1956; x_wconf 83' lang='grc' dir='ltr'>ὅτι</span> <span class='ocrx_word' id='word_1_214' title='bbox 616 1913 639 1955; x_wconf 92' lang='grc' dir='ltr'>ὁ</span> <span class='ocrx_word' id='word_1_215' title='bbox 667 1911 933 1973; x_wconf 78' lang='grc' dir='ltr'>Τηλέμαχος·</span> <span class='ocrx_word' id='word_1_216' title='bbox 957 1929 1048 1957; x_wconf 90' lang='lat' dir='ltr'>om.</span> <span class='ocrx_word' id='word_1_217' title='bbox 1077 1914 1150 1967; x_wconf 91' lang='lat' dir='ltr'>D.,</span> <span class='ocrx_word' id='word_1_218' title='bbox 1176 1914 1245 1958; x_wconf 83' lang='grc' dir='ltr'>ὅτι</span> <span class='ocrx_word' id='word_1_219' title='bbox 1271 1916 1294 1958; x_wconf 93' lang='grc' dir='ltr'>ὁ</span> <span class='ocrx_word' id='word_1_220' title='bbox 1321 1930 1411 1959; x_wconf 90' lang='grc'><strong>0111.</strong></span> <span class='ocrx_word' id='word_1_221' title='bbox 1442 1914 1504 1958; x_wconf 89' lang='lat' dir='ltr'>H.</span> <span class='ocrx_word' id='word_1_222' title='bbox 1662 1930 1727 1971; x_wconf 94' lang='lat'>17.</span> 
     </span>
     <span class='ocr_line' id='line_1_25' title="bbox 204 1986 1726 2048; baseline 0.002 -16"><span class='ocrx_word' id='word_1_223' title='bbox 204 1986 284 2047; x_wconf 75' lang='grc' dir='ltr'>τῇ]</span> <span class='ocrx_word' id='word_1_224' title='bbox 312 1992 365 2047; x_wconf 76' lang='grc' dir='ltr'>τῇ</span> <span class='ocrx_word' id='word_1_225' title='bbox 392 1992 471 2033; x_wconf 85' lang='grc' dir='ltr'>τοῦ</span> <span class='ocrx_word' id='word_1_226' title='bbox 496 1989 626 2033; x_wconf 91' lang='lat' dir='ltr'>D.H.</span> <span class='ocrx_word' id='word_1_227' title='bbox 834 2006 899 2047; x_wconf 87' lang='lat'>19.</span> <span class='ocrx_word' id='word_1_228' title='bbox 926 1992 948 2040; x_wconf 84' lang='grc' dir='ltr'><em>ἡ</em></span> <span class='ocrx_word' id='word_1_229' title='bbox 972 1989 1070 2048; x_wconf 88' lang='grc' dir='ltr'>τοι]</span> <span class='ocrx_word' id='word_1_230' title='bbox 1101 1991 1177 2036; x_wconf 81' lang='lat' dir='ltr'>Sic</span> <span class='ocrx_word' id='word_1_231' title='bbox 1203 1992 1343 2035; x_wconf 81' lang='lat' dir='ltr'>etiam</span> <span class='ocrx_word' id='word_1_232' title='bbox 1374 1991 1449 2041; x_wconf 72' lang='lat' dir='ltr'>H..</span> <span class='ocrx_word' id='word_1_233' title='bbox 1475 2007 1567 2035; x_wconf 88' lang='lat' dir='ltr'>non</span> <span class='ocrx_word' id='word_1_234' title='bbox 1592 1992 1614 2034; x_wconf 93' lang='grc' dir='ltr'>ὁ</span> <span class='ocrx_word' id='word_1_235' title='bbox 1640 2011 1726 2035; x_wconf 82' lang='grc' dir='ltr'><strong>τοι.</strong></span> 
     </span>
     <span class='ocr_line' id='line_1_26' title="bbox 208 2064 945 2127; baseline -0.001 -15"><span class='ocrx_word' id='word_1_236' title='bbox 208 2079 274 2124; x_wconf 77' lang='grc'>25.</span> <span class='ocrx_word' id='word_1_237' title='bbox 300 2064 528 2127; x_wconf 60' lang='grc' dir='ltr'>διάκρισιν]</span> <span class='ocrx_word' id='word_1_238' title='bbox 554 2066 692 2127; x_wconf 72' lang='grc' dir='ltr'>κρίσιν</span> <span class='ocrx_word' id='word_1_239' title='bbox 718 2068 860 2111; x_wconf 69' lang='lat' dir='ltr'>etiam</span> <span class='ocrx_word' id='word_1_240' title='bbox 887 2067 945 2111; x_wconf 91' lang='lat' dir='ltr'>D.</span> 
     </span>
    </p>

    <p class='ocr_par' dir='ltr' id='par_1_8' title="bbox 275 2142 918 2198">
     <span class='ocr_line' id='line_1_27' title="bbox 275 2142 918 2198; baseline 0 -11"><span class='ocrx_word' id='word_1_241' title='bbox 275 2143 327 2187; x_wconf 89' lang='lat' dir='ltr'>P.</span> <span class='ocrx_word' id='word_1_242' title='bbox 354 2159 448 2198; x_wconf 85' lang='lat'>124,</span> <span class='ocrx_word' id='word_1_243' title='bbox 471 2148 509 2186; x_wconf 89' lang='grc'>6.</span> <span class='ocrx_word' id='word_1_244' title='bbox 525 2142 711 2190; x_wconf 80' lang='grc' dir='ltr'>”Αλλως</span> <span class='ocrx_word' id='word_1_245' title='bbox 736 2158 825 2186; x_wconf 87' lang='lat' dir='ltr'>om.</span> <span class='ocrx_word' id='word_1_246' title='bbox 855 2142 918 2187; x_wconf 93' lang='lat' dir='ltr'>H.</span> 
     </span>
    </p>

    <p class='ocr_par' dir='ltr' id='par_1_9' title="bbox 207 2219 1727 2357">
     <span class='ocr_line' id='line_1_28' title="bbox 274 2219 1727 2279; baseline 0.001 -16"><span class='ocrx_word' id='word_1_247' title='bbox 274 2219 325 2263; x_wconf 91' lang='lat' dir='ltr'>P.</span> <span class='ocrx_word' id='word_1_248' title='bbox 350 2236 445 2278; x_wconf 82' lang='lat'>125,</span> <span class='ocrx_word' id='word_1_249' title='bbox 468 2236 531 2263; x_wconf 90' lang='lat'>10.</span> <span class='ocrx_word' id='word_1_250' title='bbox 558 2226 605 2264; x_wconf 90' lang='lat' dir='ltr'>et</span> <span class='ocrx_word' id='word_1_251' title='bbox 636 2237 698 2275; x_wconf 89' lang='lat'>14.</span> <span class='ocrx_word' id='word_1_252' title='bbox 725 2220 784 2264; x_wconf 91' lang='lat' dir='ltr'>D.</span> <span class='ocrx_word' id='word_1_253' title='bbox 811 2226 864 2264; x_wconf 91' lang='lat' dir='ltr'>ut</span> <span class='ocrx_word' id='word_1_254' title='bbox 890 2219 957 2263; x_wconf 92' lang='lat' dir='ltr'>H.</span> <span class='ocrx_word' id='word_1_255' title='bbox 1260 2227 1446 2279; x_wconf 85' lang='lat'>16—17.</span> <span class='ocrx_word' id='word_1_256' title='bbox 1476 2221 1570 2266; x_wconf 85' lang='lat' dir='ltr'>Hie</span> <span class='ocrx_word' id='word_1_257' title='bbox 1595 2221 1653 2266; x_wconf 92' lang='lat' dir='ltr'>D.</span> <span class='ocrx_word' id='word_1_258' title='bbox 1681 2223 1727 2266; x_wconf 88' lang='lat' dir='ltr'>in</span> 
     </span>
     <span class='ocr_line' id='line_1_29' title="bbox 207 2295 1462 2357; baseline 0.002 -18"><span class='ocrx_word' id='word_1_259' title='bbox 207 2296 415 2355; x_wconf 81' lang='lat' dir='ltr'>margine</span> <span class='ocrx_word' id='word_1_260' title='bbox 442 2295 719 2357; x_wconf 77' lang='grc' dir='ltr'>Πορφυρίων.</span> <span class='ocrx_word' id='word_1_261' title='bbox 929 2301 994 2340; x_wconf 88' lang='grc'>16.</span> <span class='ocrx_word' id='word_1_262' title='bbox 1019 2297 1096 2341; x_wconf 78' lang='grc' dir='ltr'>κάκ</span> <span class='ocrx_word' id='word_1_263' title='bbox 1128 2301 1212 2342; x_wconf 82' lang='grc' dir='ltr'>τῶν</span> <span class='ocrx_word' id='word_1_264' title='bbox 1236 2299 1377 2342; x_wconf 81' lang='lat' dir='ltr'>etiam</span> <span class='ocrx_word' id='word_1_265' title='bbox 1405 2297 1462 2342; x_wconf 95' lang='lat' dir='ltr'>D.</span> 
     </span>
    </p>

    <p class='ocr_par' dir='ltr' id='par_1_10' title="bbox 205 2370 1730 2802">
     <span class='ocr_line' id='line_1_30' title="bbox 276 2370 1729 2434; baseline 0.001 -19"><span class='ocrx_word' id='word_1_266' title='bbox 276 2371 328 2415; x_wconf 87' lang='lat' dir='ltr'>P.</span> <span class='ocrx_word' id='word_1_267' title='bbox 355 2377 510 2431; x_wconf 80' lang='lat'>126‚3.</span> <span class='ocrx_word' id='word_1_268' title='bbox 551 2372 605 2415; x_wconf 87' lang='lat' dir='ltr'>In</span> <span class='ocrx_word' id='word_1_269' title='bbox 650 2372 708 2416; x_wconf 90' lang='lat' dir='ltr'>D.</span> <span class='ocrx_word' id='word_1_270' title='bbox 750 2376 771 2423; x_wconf 77' lang='grc' dir='ltr'><strong><em>ἤ</em></strong></span> <span class='ocrx_word' id='word_1_271' title='bbox 812 2393 856 2417; x_wconf 91' lang='grc' dir='ltr'>τι</span> <span class='ocrx_word' id='word_1_272' title='bbox 892 2370 1004 2417; x_wconf 81' lang='grc' dir='ltr'>κατὰ</span> <span class='ocrx_word' id='word_1_273' title='bbox 1040 2372 1221 2434; x_wconf 74' lang='grc' dir='ltr'>πρῆξινζ</span> <span class='ocrx_word' id='word_1_274' title='bbox 1260 2372 1358 2421; x_wconf 76' lang='grc' dir='ltr'>τοὺς</span> <span class='ocrx_word' id='word_1_275' title='bbox 1392 2371 1601 2434; x_wconf 78' lang='grc' dir='ltr'>πειρατὰς</span> <span class='ocrx_word' id='word_1_276' title='bbox 1636 2373 1729 2417; x_wconf 65' lang='grc' dir='ltr'>οὐδὲ</span> 
     </span>
     <span class='ocr_line' id='line_1_31' title="bbox 206 2445 1730 2508; baseline 0.002 -18"><span class='ocrx_word' id='word_1_277' title='bbox 206 2445 421 2508; x_wconf 79' lang='grc' dir='ltr'>πράττειν</span> <span class='ocrx_word' id='word_1_278' title='bbox 447 2448 620 2506; x_wconf 73' lang='grc' dir='ltr'>ἔλεγον,</span> <span class='ocrx_word' id='word_1_279' title='bbox 652 2447 769 2492; x_wconf 74' lang='grc' dir='ltr'>ἀλλὰ</span> <span class='ocrx_word' id='word_1_280' title='bbox 805 2450 1057 2493; x_wconf 78' lang='grc' dir='ltr'>πλανᾶσθαι</span> <span class='ocrx_word' id='word_1_281' title='bbox 1095 2449 1138 2492; x_wconf 80' lang='grc' dir='ltr'>ἐκ</span> <span class='ocrx_word' id='word_1_282' title='bbox 1169 2449 1312 2493; x_wconf 84' lang='grc' dir='ltr'>τόπου</span> <span class='ocrx_word' id='word_1_283' title='bbox 1347 2451 1402 2497; x_wconf 77' lang='grc' dir='ltr'>εἰς</span> <span class='ocrx_word' id='word_1_284' title='bbox 1436 2449 1592 2494; x_wconf 85' lang='grc' dir='ltr'>τόπον.</span> <span class='ocrx_word' id='word_1_285' title='bbox 1637 2449 1730 2494; x_wconf 67' lang='grc' dir='ltr'>οὐδὲ</span> 
     </span>
     <span class='ocr_line' id='line_1_32' title="bbox 209 2522 1727 2586; baseline 0.001 -19"><span class='ocrx_word' id='word_1_286' title='bbox 209 2522 296 2585; x_wconf 77' lang='grc' dir='ltr'>γὰρ</span> <span class='ocrx_word' id='word_1_287' title='bbox 322 2524 553 2584; x_wconf 76' lang='grc' dir='ltr'>ἀνέχονται</span> <span class='ocrx_word' id='word_1_288' title='bbox 579 2526 710 2568; x_wconf 80' lang='grc' dir='ltr'>εἰπεῖν</span> <span class='ocrx_word' id='word_1_289' title='bbox 733 2523 892 2586; x_wconf 77' lang='grc' dir='ltr'>πρᾶξιν</span> <span class='ocrx_word' id='word_1_290' title='bbox 916 2523 970 2569; x_wconf 80' lang='grc' dir='ltr'>τὸ</span> <span class='ocrx_word' id='word_1_291' title='bbox 995 2528 1199 2570; x_wconf 80' lang='grc' dir='ltr'>τοιοῦτον</span> <span class='ocrx_word' id='word_1_292' title='bbox 1215 2541 1292 2570; x_wconf 84' lang='lat'>:—</span> <span class='ocrx_word' id='word_1_293' title='bbox 1542 2542 1605 2582; x_wconf 84' lang='lat'>17.</span> <span class='ocrx_word' id='word_1_294' title='bbox 1632 2526 1727 2570; x_wconf 79' lang='grc' dir='ltr'>ἀντὶ</span> 
     </span>
     <span class='ocr_line' id='line_1_33' title="bbox 205 2600 1727 2655; baseline 0.001 -12"><span class='ocrx_word' id='word_1_295' title='bbox 205 2604 285 2644; x_wconf 80' lang='grc' dir='ltr'>τοῦ</span> <span class='ocrx_word' id='word_1_296' title='bbox 308 2615 398 2644; x_wconf 87' lang='grc'><strong>0111.</strong></span> <span class='ocrx_word' id='word_1_297' title='bbox 428 2600 487 2644; x_wconf 91' lang='lat' dir='ltr'>D.</span> <span class='ocrx_word' id='word_1_298' title='bbox 726 2618 792 2646; x_wconf 90' lang='lat'>21.</span> <span class='ocrx_word' id='word_1_299' title='bbox 820 2617 887 2647; x_wconf 88' lang='lat'>22.</span> <span class='ocrx_word' id='word_1_300' title='bbox 914 2601 1108 2646; x_wconf 80' lang='lat' dir='ltr'>Habent</span> <span class='ocrx_word' id='word_1_301' title='bbox 1134 2601 1261 2646; x_wconf 91' lang='lat' dir='ltr'>D.H.</span> <span class='ocrx_word' id='word_1_302' title='bbox 1333 2601 1389 2645; x_wconf 92' lang='lat' dir='ltr'>In</span> <span class='ocrx_word' id='word_1_303' title='bbox 1417 2601 1475 2645; x_wconf 92' lang='lat' dir='ltr'>D.</span> <span class='ocrx_word' id='word_1_304' title='bbox 1501 2602 1727 2655; x_wconf 81' lang='lat' dir='ltr'>additum,</span> 
     </span>
     <span class='ocr_line' id='line_1_34' title="bbox 206 2674 1728 2738; baseline 0.001 -20"><span class='ocrx_word' id='word_1_305' title='bbox 206 2675 386 2733; x_wconf 77' lang='grc' dir='ltr'>λέγεται</span> <span class='ocrx_word' id='word_1_306' title='bbox 429 2674 472 2719; x_wconf 72' lang='grc' dir='ltr'>δὲ</span> <span class='ocrx_word' id='word_1_307' title='bbox 506 2674 561 2720; x_wconf 81' lang='grc' dir='ltr'>τὸ</span> <span class='ocrx_word' id='word_1_308' title='bbox 598 2676 698 2736; x_wconf 82' lang='grc' dir='ltr'>ὅρος</span> <span class='ocrx_word' id='word_1_309' title='bbox 734 2678 846 2727; x_wconf 79' lang='grc' dir='ltr'>νήϊον</span> <span class='ocrx_word' id='word_1_310' title='bbox 880 2674 970 2720; x_wconf 77' lang='grc' dir='ltr'>ἀπὸ</span> <span class='ocrx_word' id='word_1_311' title='bbox 1005 2681 1084 2721; x_wconf 82' lang='grc' dir='ltr'>τοῦ</span> <span class='ocrx_word' id='word_1_312' title='bbox 1119 2677 1230 2738; x_wconf 76' lang='grc' dir='ltr'>ἔχειν</span> <span class='ocrx_word' id='word_1_313' title='bbox 1272 2677 1379 2738; x_wconf 75' lang='grc' dir='ltr'>ξύλα</span> <span class='ocrx_word' id='word_1_314' title='bbox 1418 2680 1498 2720; x_wconf 83' lang='grc' dir='ltr'>τοῦ</span> <span class='ocrx_word' id='word_1_315' title='bbox 1533 2678 1728 2734; x_wconf 70' lang='grc' dir='ltr'>’γίνεσθαι</span> 
     </span>
     <span class='ocr_line' id='line_1_35' title="bbox 208 2766 404 2802; baseline 0 -7"><span class='ocrx_word' id='word_1_316' title='bbox 208 2770 301 2802; x_wconf 78' lang='grc' dir='ltr'>νηας</span> <span class='ocrx_word' id='word_1_317' title='bbox 326 2766 404 2795; x_wconf 85' lang='lat'>:—</span> 
     </span>
    </p>
   </div>
   <div class='ocr_carea' id='block_1_3' title="bbox 276 2827 1726 2890">
    <p class='ocr_par' dir='ltr' id='par_1_11' title="bbox 276 2827 1726 2890">
     <span class='ocr_line' id='line_1_36' title="bbox 276 2827 1726 2890; baseline 0.001 -19"><span class='ocrx_word' id='word_1_318' title='bbox 276 2827 327 2871; x_wconf 86' lang='lat' dir='ltr'>P.</span> <span class='ocrx_word' id='word_1_319' title='bbox 352 2842 444 2884; x_wconf 84' lang='lat'>127,</span> <span class='ocrx_word' id='word_1_320' title='bbox 472 2832 510 2872; x_wconf 89' lang='grc'>6.</span> <span class='ocrx_word' id='word_1_321' title='bbox 537 2829 675 2873; x_wconf 76' lang='grc' dir='ltr'>τοῦτο’</span> <span class='ocrx_word' id='word_1_322' title='bbox 701 2832 810 2890; x_wconf 86' lang='grc' dir='ltr'>φησι</span> <span class='ocrx_word' id='word_1_323' title='bbox 838 2835 887 2874; x_wconf 74' lang='lat' dir='ltr'>et</span> <span class='ocrx_word' id='word_1_324' title='bbox 912 2827 1000 2890; x_wconf 77' lang='grc' dir='ltr'>’γὰρ</span> <span class='ocrx_word' id='word_1_325' title='bbox 1026 2844 1116 2874; x_wconf 86' lang='lat' dir='ltr'>om.</span> <span class='ocrx_word' id='word_1_326' title='bbox 1145 2828 1203 2872; x_wconf 85' lang='lat' dir='ltr'>D.</span> <span class='ocrx_word' id='word_1_327' title='bbox 1419 2832 1483 2872; x_wconf 88' lang='lat'>18.</span> <span class='ocrx_word' id='word_1_328' title='bbox 1509 2827 1726 2890; x_wconf 71' lang='grc' dir='ltr'>ἥρπασεν]</span> 
     </span>
    </p>
   </div>
  </div>
 </body>
</html>
