1907 3270
196 123 278 167 xlii
749 111 1157 158 PRAEFATIO.

196 234 352 278 manni
390 229 722 276 correctionem
760 242 859 271 esse
897 242 979 286 pro
1020 225 1262 272 ἀδικοῦντος
1300 226 1397 270 dixi
1435 226 1482 269 in
1518 231 1712 270 annota-

196 311 335 361 tione,
363 309 432 351 cui
462 305 704 365 typotheta
728 304 784 348 ad
805 317 989 348 versum
1015 304 1362 363 praecedentem
1388 303 1604 347 aberrans
1627 317 1711 346 nu-

196 399 374 429 merum
405 398 470 439 15.
496 381 698 440 praefixit
721 396 803 440 pro
836 386 897 424 16.
1043 395 1106 437 17.
1132 380 1372 441 παρρησία]
1405 379 1622 440 παρουσία
1639 379 1709 438 ¹D.

201 465 263 505 18.
301 458 622 520 παραμέμικται
649 459 790 502 etiam
817 458 892 510 D.,
919 459 997 516 qui
1023 459 1201 502 omittit
1226 457 1367 501 verba
1396 454 1484 517 γὰρ
1515 455 1580 500 καὶ
1620 454 1711 507 δέη-

195 558 273 589 σις,
299 537 472 581 addens
498 533 586 596 γὰρ
611 541 715 594 post
739 534 884 578 οἰκεία.
1034 550 1100 579 22.
1125 529 1254 596 αὐτὸ]
1286 532 1592 577 Scribendum
1618 530 1712 575 ἄνευ

196 666 253 696 ex
274 648 402 694 D.H.
540 665 606 707 23.
631 646 913 708 πάσχοντος]
941 623 1138 710 παρέχοιῖ
1161 648 1221 692 D.
1370 645 1536 707 πάντη]
1564 643 1710 690 πάντα

197 727 254 771 D.
415 743 481 781 24.
506 725 573 769 καὶ
600 740 690 769 om.
715 722 850 770 D.H.
1030 723 1189 786 ἄμφω]
1216 724 1283 768 καὶ
1309 723 1452 772 ἄλλως
1477 722 1711 782 praescrip-

196 810 295 848 tum
322 804 368 846 in
394 801 452 847 D.

262 880 315 924 P.
344 883 409 934 84,
438 895 474 924 2.
501 875 736 936 λείψεται]
764 874 964 934 λήψεται
991 876 1070 930 Η.,
1097 892 1190 921 non
1215 876 1273 922 D.
1447 894 1486 935 9.
1513 875 1607 920 ἀντὶ
1633 878 1713 920 τοῦ

192 953 472 1014 μεμψάμενοι
511 955 686 998 excidit
720 954 766 996 in
802 952 878 1005 D.,
906 954 984 1011 qui
1017 953 1238 997 ἁκούουσιν
1271 953 1411 997 habet
1443 968 1526 1011 pro
1555 953 1713 1004 ἐκλαμ-

195 1029 412 1088 βάνουσιν,
439 1031 668 1089 adscripto
693 1031 741 1073 in
774 1031 982 1089 margine
1010 1028 1283 1091 ΙΙορφύριος.
1355 1030 1492 1082 Quod
1519 1029 1712 1073 fortasse

195 1109 252 1153 ad
279 1107 485 1152 scholion
511 1121 550 1150 v.
579 1120 644 1163 70.
672 1112 866 1165 spectat.
1063 1122 1125 1150 10.
1152 1103 1464 1165 ἐκπλαγέντες]
1492 1106 1714 1163 ἐκπλαγῆ-

196 1205 258 1229 ναι
284 1182 347 1228 D.
527 1183 863 1243 παρανομήματι
890 1180 1092 1234 δηλονότι
1119 1196 1208 1226 om.
1234 1180 1294 1226 D.
1485 1197 1548 1226 12.
1573 1178 1712 1241 ἔργα]

197 1261 274 1305 Sic
300 1259 428 1312 H.S.,
455 1275 545 1303 non
572 1259 666 1320 ὅρα.
840 1275 904 1317 13.
928 1258 986 1310 μὴ
1010 1255 1324 1316 μεταβάλωσι]
1351 1259 1462 1310 μήτε
1484 1254 1715 1312 μεταβάλ-

195 1342 304 1381 λωσι
331 1336 376 1381 S.
447 1337 561 1381 Post
585 1332 832 1398 πράγματα
869 1335 993 1379 idem
1029 1335 1172 1380 habet
1201 1332 1290 1378 οἷον
1314 1334 1484 1396 ὅμηρος,
1510 1340 1563 1378 ut
1587 1334 1715 1377 Vide-

197 1422 298 1459 tur:
337 1414 457 1473 quod
483 1428 576 1456 non
600 1412 827 1472 intelligo.
985 1426 1048 1469 17.
1073 1411 1243 1473 καιροῦ]
1271 1415 1409 1456 κοινοῦ
1434 1411 1493 1455 D.
1648 1414 1711 1455 18.

198 1491 499 1552 εἰσφέρεσθαι]
531 1490 788 1551 ἐκφέρεσθαι
817 1489 875 1534 D.
1034 1507 1098 1548 19.
1125 1490 1181 1534 In
1206 1491 1392 1533 εὔκλειαν
1416 1490 1714 1534 consentiunt

198 1566 327 1612 D.H.
532 1583 597 1612 20.
639 1563 942 1626 παρὰ-ἔχει]
988 1564 1282 1626 ἀπὸ-ἔχειν
1314 1564 1375 1610 D.
1447 1566 1580 1610 Idem
1620 1580 1712 1610 om.

199 1646 341 1705 γέρας.
526 1661 591 1702 23.
619 1641 733 1704 γὰρ]
760 1642 834 1696 μὲν
858 1641 922 1687 D.
1106 1640 1269 1703 πάσχει
1297 1642 1372 1695 D.,
1393 1657 1484 1687 non
1511 1639 1712 1702 πάσχειν.

201 1738 266 1777 24.
293 1722 429 1782 αὐτῷ]
457 1719 584 1765 αὐτὸν
610 1720 669 1765 D.
866 1735 932 1777 27.
958 1717 1213 1782 παράδοξα]
1242 1719 1546 1764 scribendum
1574 1738 1716 1778 παρα-

199 1802 338 1864 δόξοις
363 1819 422 1848 ex
448 1802 507 1848 D.
646 1806 712 1848 28.
738 1799 895 1848 ἐσθλὸς
920 1816 1011 1845 om.
1036 1799 1096 1845 D.

265 1891 320 1934 P.
348 1895 414 1947 85,
446 1907 479 1933 1.
506 1887 688 1949 ἐχθρὸν]
716 1887 794 1932 τὸν
817 1886 976 1948 ἐχθρὸν
1001 1887 1060 1931 D.
1086 1893 1230 1931 recte.
1380 1906 1421 1942 4.
1441 1907 1514 1939 μοι
1541 1902 1632 1931 om.
1652 1885 1712 1931 D.

200 1973 238 2012 6.
263 1967 430 2028 ταῦτα]
459 1964 567 2010 αὐτὰ
591 1963 649 2010 τὰ
676 1964 735 2010 D.
927 1962 1038 2015 μετὰ
1064 1961 1166 2022 τὴν]
1195 1962 1303 2023 πρὸς
1328 1963 1401 2016 D.,
1429 1965 1596 2008 omisso
1621 1965 1712 2014 τήν.

202 2048 241 2088 8.
281 2044 334 2088 In
372 2043 432 2087 D.
459 2040 597 2095 αὐτὸς,
623 2040 784 2088 ἄλλους
807 2042 848 2084 τ’
874 2038 1093 2091 αι’ὂέσθητι
1120 2040 1187 2083 καὶ
1212 2038 1269 2084 τὰ
1296 2040 1400 2100 ἑξῆς.
1441 2040 1507 2087 τίς
1532 2038 1601 2083 οὖν
1625 2046 1714 2085 etc.

204 2138 267 2165 11.
295 2120 421 2167 αὐτός
446 2135 535 2164 om.
562 2118 622 2163 D.
649 2119 695 2161 in
719 2118 811 2162 fine
837 2132 1007 2161 versus.
1215 2133 1278 2162 12.
1297 2117 1452 2177 κύριος]
1479 2116 1620 2160 Adde
1644 2117 1716 2160 αὑ-

199 2200 284 2241 τῶν
309 2212 366 2240 ΘΧ
387 2195 447 2240 D.
611 2212 674 2253 13.
700 2192 918 2254 ἐξουσίαν]
947 2191 1171 2244 ἐκκλησίαν
1190 2191 1251 2237 D.
1393 2208 1456 2250 15.
1483 2193 1586 2253 παρ’
1606 2194 1715 2244 ὑμῶν

200 2272 275 2325 μὲν
300 2271 414 2332 γὰρ]
443 2270 553 2316 διότι
579 2272 682 2331 παρ’
708 2272 819 2322 ἡμῶν
841 2268 916 2321 μὲν
941 2266 1030 2329 γὰρ
1056 2268 1115 2312 D.
1287 2285 1354 2314 20.
1379 2267 1711 2327 ὑπομιμνήσκει]

203 2350 279 2393 Sic
306 2348 364 2393 D.
560 2362 635 2393 21.
671 2346 770 2395 τοὺς
794 2344 1010 2406 πατέρας]
1040 2343 1231 2403 Corrige
1265 2348 1344 2388 τοῦ
1374 2342 1542 2405 πατρὸς
1569 2360 1628 2388 ex
1655 2344 1715 2388 D.

206 2441 274 2470 22.
299 2425 604 2475 ὑπομιμνήσκει
631 2439 720 2467 om.
747 2422 807 2467 D.
1003 2439 1072 2481 30.
1097 2420 1355 2481 ἐπιφύεσθαι
1382 2422 1523 2465 etiam
1549 2420 1613 2464 H.

273 2505 325 2549 P.
353 2508 418 2556 86,
451 2509 638 2548 16—20.
676 2504 796 2548 Haec
821 2505 867 2547 in
892 2519 1037 2547 unum
1068 2502 1274 2548 scholion
1299 2503 1548 2560 conjuncta
1572 2502 1716 2547 habet

209 2580 271 2624 H.
422 2596 487 2625 22.
514 2579 975 2641 περιουσίαν-οὐσίαν
1000 2579 1142 2623 habet
1166 2579 1305 2622 etiam
1336 2577 1397 2622 H.
1549 2592 1614 2634 27.
1641 2581 1717 2639 φι-

205 2655 433 2716 λοφρόνως
456 2655 714 2707 ἀπαιτοΐμεν
739 2671 829 2699 Om.
858 2654 986 2700 D.H.

275 2741 328 2784 P.
356 2746 422 2798 87,
447 2759 488 2799 5,
514 2740 768 2803 προέμενος]
797 2742 958 2804 προϊεῖς
983 2741 1046 2786 Η.
1222 2756 1259 2799 7.
1286 2740 1467 2802 δακρύων
1490 2747 1596 2800 post
1619 2741 1718 2790 τοὺς

207 2817 463 2879 ὀφθαλμοὺς
486 2818 627 2862 habet
651 2819 696 2862 S.
881 2822 917 2862 8.
944 2816 1305 2870 δαιμονίως-τὸν
1329 2816 1494 2875 λόγον]
1525 2817 1718 2862 Habent

206 2893 336 2938 D.H.
