1907 3270
675 142 1084 187 PRAEFATIO.
1542 141 1640 186 xliii

190 256 243 301 P.
271 260 337 309 88,
368 273 402 301 1.
430 254 547 315 ἑξῆς]
584 255 663 302 Sic
696 257 837 301 etiam
867 257 944 311 H„
972 272 1064 301 non
1101 255 1181 300 εἶσι
1219 261 1273 300 ut
1305 256 1428 315 apud
1456 255 1646 300 Crame-

123 347 241 376 rum.
415 349 478 391 19.
505 331 694 376 Falsum
721 340 792 377 est
817 334 958 378 verba
981 334 1251 394 ἐμφαντικῶς
1275 330 1330 376 τὸ
1355 332 1460 375 ὅλον
1484 332 1645 376 abesse

123 408 182 453 ab
219 409 266 453 S.
338 407 443 453 Nee
484 423 523 453 v.
559 426 624 454 22.
667 415 793 454 recte
828 409 943 470 legit
981 408 1246 455 Cramerus.
1319 408 1444 453 Nam
1473 409 1645 454 codicis

123 484 293 530 ductus
318 485 404 530 hoc
438 485 594 544 potius
630 485 889 545 significare
914 486 1143 539 videntur,
1175 485 1277 528 ἀλλ’
1301 484 1450 546 ὥσπερ
1482 485 1549 529 καὶ
1585 483 1645 530 τὰ

123 558 242 604 ἅλλα
268 559 335 605 διὰ
365 559 421 606 τὸ
447 561 741 622 πολυχρόνιον
772 567 848 613 τῆς
882 565 962 605 τοῦ
996 562 1140 623 ἔργον.
1213 562 1458 606 Postrema
1490 560 1556 606 διὰ
1589 559 1645 606 τὸ

124 657 170 680 π.
195 641 271 688 τῆς
294 640 374 681 τοῦ
398 637 529 699 ἔργου
554 638 664 682 sat-is
689 637 811 682 clare
836 639 1022 697 scripta.

194 713 245 758 P.
275 716 341 771 89,
361 732 402 768 4.
430 712 495 757 διὰ
521 711 601 774 τὸ]
629 713 789 758 Scribe
814 712 880 757 διὰ
906 718 985 758 τοῦ
1010 729 1069 758 ex
1094 713 1224 759 D.H.
1360 731 1402 771 5.
1422 713 1639 772 “Ἀλλως.]

125 790 233 837 Hoc
259 791 468 836 scholion
494 807 587 835 non
612 791 753 836 habet
779 790 839 836 D.
1000 807 1037 848 7.
1064 792 1145 835 νέοι
1172 807 1262 836 om.
1291 791 1354 837 H.
1530 808 1648 835 10——

126 887 191 916 12.
220 870 414 914 Habent
440 868 550 914 D.S.
760 886 823 927 19.
860 867 1082 930 ἔμφυτον]
1123 869 1428 914 Scribendum
1464 869 1531 913 καὶ
1566 868 1647 921 μὴν

122 947 333 1007 ἔμφυτον,
379 946 500 1005 quod
544 961 637 989 non
679 945 829 990 solum
879 947 923 990 in
970 945 1040 990 M.
1085 952 1168 999 est,
1212 946 1292 991 sed
1332 947 1473 990 etiam
1511 947 1559 990 in
1598 946 1645 992 S.

125 1039 192 1067 21.
219 1020 287 1080 ὃς]
317 1021 338 1066 ὃ
365 1022 411 1067 S.
618 1039 683 1077 24.
709 1022 1052 1084 μακροχρονίου]
1082 1022 1242 1068 Scribe
1267 1022 1570 1084 μακροχρόνου
1593 1027 1647 1067 ut

121 1108 191 1144 est
216 1100 262 1143 in
291 1100 465 1144 codiee.

190 1176 243 1221 P.
266 1193 332 1234 90,
360 1180 398 1221 8.
433 1175 534 1235 μὲν]
573 1176 648 1229 μὲν
674 1175 763 1238 γὰρ
793 1177 854 1221 H.
1055 1190 1243 1234 12—15.
1270 1175 1648 1238 εἶπε-τέταρτον

122 1268 212 1297 om.
240 1251 303 1297 H.
510 1269 576 1298 20.
602 1251 968 1315 παραδεξώμεθα]
998 1252 1075 1297 Sic
1101 1253 1243 1298 etiam
1270 1251 1396 1306 D.S.,
1421 1268 1512 1298 non
1538 1273 1649 1314 προ-

123 1327 308 1389 δηλώσῃ,
335 1330 458 1389 quod
484 1330 633 1374 codici
659 1330 705 1374 S.
732 1331 898 1374 tribuit
919 1330 1180 1374 Cramerns.

190 1406 244 1450 P.
271 1423 341 1464 91,
372 1423 406 1450 1.
446 1405 551 1450 Hoc
586 1406 792 1451 scholion
829 1407 893 1451 sic
928 1407 1153 1466 seriptum
1188 1407 1234 1450 in
1277 1404 1341 1450 H.
1382 1405 1451 1450 ὅτι
1485 1404 1539 1450 τὸ
1571 1404 1649 1450 ὦδε

120 1481 216 1527 ἇντῖ
241 1486 320 1527 τοῦ
346 1481 492 1534 οὕτως,
520 1483 586 1527 καὶ
613 1483 708 1528 ἀντὶ
734 1487 815 1528 τοῦ
839 1483 1144 1545 ἀποκρίνονται
1177 1481 1231 1527 τὸ
1257 1482 1555 1543 ὑποκρίνονται
1570 1499 1650 1528 :—

121 1575 163 1617 5.
190 1559 298 1617 ὅτεῳ
321 1576 329 1603 2
369 1556 442 1622 ὡς]
474 1558 530 1603 τὸ
554 1559 662 1616 ὅτεῳ
687 1560 738 1607 ὡς
762 1558 893 1604 D.H.
1109 1564 1146 1603 6.
1175 1557 1342 1621 διῃρέθη
1368 1560 1418 1606 ὡς·
1441 1561 1521 1602 τοῦ
1545 1558 1649 1602 ὅτου

120 1632 176 1679 τὸ
212 1634 313 1679 ὅτεο
349 1635 416 1679 καὶ
454 1636 494 1680 ἐν
527 1656 574 1681 π.
609 1634 752 1689 D.H.,
783 1636 870 1680 nisi
907 1635 1031 1694 quod
1059 1634 1123 1679 H.
1178 1634 1267 1679 ὅτω
1299 1635 1443 1680 habet
1476 1649 1557 1693 pro
1592 1632 1648 1678 τὸ

122 1710 238 1754 ὅτεο.
387 1728 451 1756 11.
484 1729 546 1758 12.
574 1711 735 1756 Habet
761 1711 821 1756 D.
976 1726 1040 1768 17.
1067 1712 1172 1771 αὐτῇ
1197 1712 1258 1771 gl.
1285 1712 1342 1756 ad
1369 1713 1409 1755 οἱ
1434 1718 1503 1755 est
1528 1712 1572 1755 in
1601 1711 1647 1756 S.

127 1790 192 1830 18.
234 1784 292 1830 τὰ
332 1802 422 1832 om.
464 1786 528 1830 H.
735 1804 801 1846 25.
846 1785 1195 1849 Ἠλεκτρύωνος]
1240 1790 1523 1849 ἠλεκτρυῶνος
1567 1786 1648 1841 Η.,

122 1878 214 1907 non
240 1861 299 1907 D.
504 1862 700 1925 Θυγάτηρ
727 1880 816 1909 om.
844 1864 902 1910 D.

190 1941 241 1984 P.
269 1957 336 1999 92,
366 1958 400 1994 1,
429 1958 467 1987 2.
507 1941 668 1986 Habet
695 1941 757 1986 H.
934 1959 998 1987 11.
1021 1939 1383 2004 Ἀριστοφάνης]
1415 1946 1647 1987 τοσοῦτον.

121 2016 252 2079 μέχρι
277 2020 369 2061 τοῦ.
408 2017 475 2061 καὶ
501 2016 802 2079 ἆριστοφάνης
828 2025 916 2063 etc.
946 2018 1008 2063 H.
1180 2035 1246 2064 20.
1274 2035 1340 2063 21.
1367 2026 1415 2062 et
1440 2034 1482 2077 p.
1511 2036 1577 2077 93,
1609 2035 1646 2063 Ι.

123 2109 162 2139 2.
188 2093 355 2138 om.O.
426 2092 644 2139 Delenda
679 2094 789 2138 haeo.
849 2094 976 2139 Nam
1007 2109 1065 2139 ex
1093 2093 1341 2139 Eustathio
1378 2093 1507 2138 illata
1540 2099 1648 2138 sunt

120 2174 310 2228 p.1436,
336 2186 405 2228 33-

187 2245 243 2290 P.
271 2263 338 2304 93,
369 2263 432 2302 14.
458 2246 524 2290 καὶ
551 2245 1018 2307 στικτέον-ὑπέχειν]
1047 2246 1208 2290 Scribe
1232 2246 1415 2291 ἐνταῦθα
1441 2244 1647 2290 στικτέον

120 2322 359 2383 -ὖπέχειν
382 2342 435 2375 με
460 2337 518 2366 ex
545 2321 672 2368 O.V.
744 2323 799 2367 In
825 2323 1128 2367 annotatione
1153 2323 1210 2368 ad
1236 2338 1277 2368 v.
1301 2338 1366 2379 27.
1393 2322 1474 2367 lin.
1501 2341 1543 2378 4.
1569 2321 1648 2367 τὸν

121 2398 246 2450 αὐτῆς
271 2398 478 2444 Crameri
505 2415 631 2444 error
656 2405 725 2444 est
750 2415 832 2460 pro
857 2402 936 2443 τοῦ
961 2400 1099 2451 αὐτῆς.

189 2475 244 2520 Ρ.
280 2493 349 2533 94,
387 2490 451 2532 17.
493 2473 874 2535 ἐναλλάσσονται]
915 2476 1077 2521 Scribe
1108 2473 1457 2525 έναλλάσσοντες
1490 2483 1541 2520 ut
1579 2481 1649 2520 est

121 2553 168 2596 in
194 2551 241 2597 S.

188 2632 241 2677 P.
268 2638 334 2691 96,
363 2647 402 2690 7.
428 2634 629 2695 ἠερόεντα
663 2649 754 2678 om.
784 2632 847 2677 H.
1059 2652 1121 2680 12.
1148 2633 1236 2697 γὰρ
1263 2650 1356 2679 non
1390 2635 1566 2679 omittit
1601 2634 1648 2679 S.

122 2722 187 2767 15.
214 2708 574 2768 τετολμημένων]
603 2710 887 2762 τολμωμένων
913 2710 960 2755 S.
1183 2715 1248 2754 18.
1274 2709 1330 2756 τὸ
1351 2708 1644 2772 Ἀλιθέρσης]

121 2784 176 2831 τὸ
200 2784 243 2830 δὲ
269 2786 501 2847 ἆλιθέρσης
527 2786 656 2831 D.H.

184 2861 238 2905 P.
266 2876 334 2919 97,
365 2877 402 2904 Ι.
439 2860 498 2906 τὰ
533 2861 801 2921 καθήκοντα]
842 2862 1002 2908 Scribe
1039 2863 1105 2907 καὶ
1138 2861 1196 2907 τὰ
1234 2864 1473 2914 καθήκοντα
1508 2877 1565 2905 ex
1600 2861 1647 2906 S.

123 2955 189 2992 14.
229 2937 344 2983 Haec
380 2938 444 2983 sic
481 2939 843 2998 redintegranda
878 2954 937 2982 ex
970 2937 1028 2982 D.
1072 2938 1346 3000 Πορφυρίου.
1383 2937 1513 2996 ἐγγὺς
1547 2938 1646 2981 ἐών;
