<?xml version="1.0" encoding="UTF-8"?>
<!DOCTYPE html PUBLIC "-//W3C//DTD XHTML 1.0 Transitional//EN"
    "http://www.w3.org/TR/xhtml1/DTD/xhtml1-transitional.dtd">
<html xmlns="http://www.w3.org/1999/xhtml" xml:lang="en" lang="en">
 <head>
  <title>
</title>
<meta http-equiv="Content-Type" content="text/html;charset=utf-8" />
  <meta name='ocr-system' content='tesseract 3.04.00' />
  <meta name='ocr-capabilities' content='ocr_page ocr_carea ocr_par ocr_line ocrx_word'/>
</head>
<body>
  <div class='ocr_page' id='page_1' title='image "./scholiagraeodyss01homeuoft/scholiagraeodyss01homeuoft_0072.png"; bbox 0 0 1907 3270; ppageno 0'>
   <div class='ocr_carea' id='block_1_1' title="bbox 217 125 1180 176">
    <p class='ocr_par' dir='ltr' id='par_1_1' title="bbox 217 125 1180 176">
     <span class='ocr_line' id='line_1_1' title="bbox 217 125 1180 176; baseline -0.004 0"><span class='ocrx_word' id='word_1_1' title='bbox 217 131 347 176; x_wconf 87' lang='lat' dir='ltr'>lxviii</span> <span class='ocrx_word' id='word_1_2' title='bbox 775 125 1180 172; x_wconf 84' lang='lat' dir='ltr'>PRAEFATIO.</span> 
     </span>
    </p>
   </div>
   <div class='ocr_carea' id='block_1_2' title="bbox 206 237 1742 1669">
    <p class='ocr_par' dir='ltr' id='par_1_2' title="bbox 206 237 1742 1057">
     <span class='ocr_line' id='line_1_2' title="bbox 206 237 1734 304; baseline -0.005 -15"><span class='ocrx_word' id='word_1_3' title='bbox 206 296 212 302; x_wconf 47' lang='lat'>‚</span> <span class='ocrx_word' id='word_1_4' title='bbox 285 245 336 289; x_wconf 90' lang='lat' dir='ltr'>P.</span> <span class='ocrx_word' id='word_1_5' title='bbox 365 258 460 303; x_wconf 87' lang='lat'>703,</span> <span class='ocrx_word' id='word_1_6' title='bbox 488 261 524 289; x_wconf 85' lang='lat'>2.</span> <span class='ocrx_word' id='word_1_7' title='bbox 566 243 746 304; x_wconf 75' lang='grc' dir='ltr'>Ἰξίονος</span> <span class='ocrx_word' id='word_1_8' title='bbox 783 257 954 287; x_wconf 89' lang='lat' dir='ltr'>nomen</span> <span class='ocrx_word' id='word_1_9' title='bbox 999 256 1080 301; x_wconf 90' lang='lat' dir='ltr'>per</span> <span class='ocrx_word' id='word_1_10' title='bbox 1117 246 1271 286; x_wconf 88' lang='lat' dir='ltr'>totum</span> <span class='ocrx_word' id='word_1_11' title='bbox 1310 240 1399 285; x_wconf 87' lang='lat' dir='ltr'>hoc</span> <span class='ocrx_word' id='word_1_12' title='bbox 1437 237 1644 283; x_wconf 83' lang='lat' dir='ltr'>scholion</span> <span class='ocrx_word' id='word_1_13' title='bbox 1685 238 1734 281; x_wconf 92' lang='lat' dir='ltr'>in</span> 
     </span>
     <span class='ocr_line' id='line_1_3' title="bbox 217 313 1735 378; baseline -0.006 -14"><span class='ocrx_word' id='word_1_14' title='bbox 217 321 423 365; x_wconf 79' lang='lat' dir='ltr'>editione</span> <span class='ocrx_word' id='word_1_15' title='bbox 448 318 626 363; x_wconf 86' lang='lat' dir='ltr'><strong>Aldina</strong></span> <span class='ocrx_word' id='word_1_16' title='bbox 658 318 818 378; x_wconf 80' lang='grc' dir='ltr'>ῐξίωνος</span> <span class='ocrx_word' id='word_1_17' title='bbox 853 323 901 362; x_wconf 87' lang='lat' dir='ltr'>et</span> <span class='ocrx_word' id='word_1_18' title='bbox 937 318 1078 378; x_wconf 82' lang='grc' dir='ltr'>ἰξίωνα</span> <span class='ocrx_word' id='word_1_19' title='bbox 1110 332 1192 377; x_wconf 84' lang='lat' dir='ltr'>per</span> <span class='ocrx_word' id='word_1_20' title='bbox 1223 337 1253 360; x_wconf 89' lang='grc' dir='ltr'><strong>ω</strong></span> <span class='ocrx_word' id='word_1_21' title='bbox 1286 316 1509 375; x_wconf 88' lang='lat' dir='ltr'>scriptum</span> <span class='ocrx_word' id='word_1_22' title='bbox 1542 313 1735 372; x_wconf 82' lang='lat' dir='ltr'>pariter-</span> 
     </span>
     <span class='ocr_line' id='line_1_4' title="bbox 218 389 1735 452; baseline -0.005 -15"><span class='ocrx_word' id='word_1_23' title='bbox 218 408 309 452; x_wconf 89' lang='lat' dir='ltr'>que</span> <span class='ocrx_word' id='word_1_24' title='bbox 344 394 390 436; x_wconf 87' lang='lat' dir='ltr'>in</span> <span class='ocrx_word' id='word_1_25' title='bbox 423 393 632 451; x_wconf 82' lang='lat' dir='ltr'>margine</span> <span class='ocrx_word' id='word_1_26' title='bbox 665 393 838 437; x_wconf 87' lang='lat' dir='ltr'>codicis</span> <span class='ocrx_word' id='word_1_27' title='bbox 863 390 923 437; x_wconf 89' lang='lat' dir='ltr'>O.</span> <span class='ocrx_word' id='word_1_28' title='bbox 955 393 1014 437; x_wconf 83' lang='lat' dir='ltr'>ab</span> <span class='ocrx_word' id='word_1_29' title='bbox 1048 391 1138 437; x_wconf 84' lang='lat' dir='ltr'>alia</span> <span class='ocrx_word' id='word_1_30' title='bbox 1169 406 1341 436; x_wconf 82' lang='lat' dir='ltr'>manu:</span> <span class='ocrx_word' id='word_1_31' title='bbox 1378 404 1485 433; x_wconf 84' lang='lat' dir='ltr'>nam</span> <span class='ocrx_word' id='word_1_32' title='bbox 1520 389 1567 433; x_wconf 89' lang='lat' dir='ltr'>in</span> <span class='ocrx_word' id='word_1_33' title='bbox 1597 392 1735 432; x_wconf 78' lang='lat' dir='ltr'>textu</span> 
     </span>
     <span class='ocr_line' id='line_1_5' title="bbox 218 464 1734 527; baseline -0.004 -14"><span class='ocrx_word' id='word_1_34' title='bbox 218 469 366 513; x_wconf 81' lang='lat' dir='ltr'>codex</span> <span class='ocrx_word' id='word_1_35' title='bbox 386 474 655 513; x_wconf 79' lang='lat' dir='ltr'>constanter</span> <span class='ocrx_word' id='word_1_36' title='bbox 672 483 755 527; x_wconf 88' lang='lat' dir='ltr'>per</span> <span class='ocrx_word' id='word_1_37' title='bbox 775 488 797 512; x_wconf 93' lang='grc' dir='ltr'>ο</span> <span class='ocrx_word' id='word_1_38' title='bbox 816 469 1038 526; x_wconf 86' lang='lat' dir='ltr'>scriptum</span> <span class='ocrx_word' id='word_1_39' title='bbox 1059 465 1243 512; x_wconf 76' lang='lat' dir='ltr'>habetk.</span> <span class='ocrx_word' id='word_1_40' title='bbox 1395 479 1432 522; x_wconf 94' lang='lat'>7.</span> <span class='ocrx_word' id='word_1_41' title='bbox 1450 464 1523 524; x_wconf 81' lang='grc' dir='ltr'><strong><em>’ἴσῃ</em></strong></span> <span class='ocrx_word' id='word_1_42' title='bbox 1543 464 1734 508; x_wconf 81' lang='lat' dir='ltr'>Barnes.</span> 
     </span>
     <span class='ocr_line' id='line_1_6' title="bbox 217 541 1734 604; baseline -0.003 -16"><span class='ocrx_word' id='word_1_43' title='bbox 217 559 299 603; x_wconf 87' lang='lat' dir='ltr'>pro</span> <span class='ocrx_word' id='word_1_44' title='bbox 344 543 436 599; x_wconf 78' lang='grc' dir='ltr'><em>ἴσῳ.</em></span> <span class='ocrx_word' id='word_1_45' title='bbox 509 544 700 604; x_wconf 82' lang='lat' dir='ltr'>Corrige</span> <span class='ocrx_word' id='word_1_46' title='bbox 746 544 1004 603; x_wconf 85' lang='lat' dir='ltr'>typothetae</span> <span class='ocrx_word' id='word_1_47' title='bbox 1051 559 1253 588; x_wconf 87' lang='lat' dir='ltr'>errorem</span> <span class='ocrx_word' id='word_1_48' title='bbox 1312 544 1359 587; x_wconf 89' lang='lat' dir='ltr'>in</span> <span class='ocrx_word' id='word_1_49' title='bbox 1418 541 1734 586; x_wconf 82' lang='lat' dir='ltr'>annotatione.</span> 
     </span>
     <span class='ocr_line' id='line_1_7' title="bbox 218 615 1737 680; baseline -0.002 -18"><span class='ocrx_word' id='word_1_50' title='bbox 218 623 256 664; x_wconf 91' lang='lat'>8.</span> <span class='ocrx_word' id='word_1_51' title='bbox 282 617 543 678; x_wconf 75' lang='grc' dir='ltr'>γευσάμενον</span> <span class='ocrx_word' id='word_1_52' title='bbox 568 617 676 680; x_wconf 74' lang='grc' dir='ltr'>γὰρ]</span> <span class='ocrx_word' id='word_1_53' title='bbox 709 617 851 664; x_wconf 82' lang='lat' dir='ltr'>Adde</span> <span class='ocrx_word' id='word_1_54' title='bbox 875 618 1004 664; x_wconf 80' lang='grc' dir='ltr'>αὐτὸν</span> <span class='ocrx_word' id='word_1_55' title='bbox 1029 635 1088 663; x_wconf 89' lang='lat' dir='ltr'>ex</span> <span class='ocrx_word' id='word_1_56' title='bbox 1115 617 1238 664; x_wconf 88' lang='lat' dir='ltr'>O.V.</span> <span class='ocrx_word' id='word_1_57' title='bbox 1393 634 1456 663; x_wconf 85' lang='lat'>12.</span> <span class='ocrx_word' id='word_1_58' title='bbox 1482 622 1582 664; x_wconf 82' lang='grc' dir='ltr'>παῖς·</span> <span class='ocrx_word' id='word_1_59' title='bbox 1602 615 1737 676; x_wconf 77' lang='grc' dir='ltr'>Ἰξίο-</span> 
     </span>
     <span class='ocr_line' id='line_1_8' title="bbox 217 692 1730 756; baseline -0.002 -18"><span class='ocrx_word' id='word_1_60' title='bbox 217 698 301 751; x_wconf 84' lang='grc' dir='ltr'>νος]</span> <span class='ocrx_word' id='word_1_61' title='bbox 345 695 506 740; x_wconf 77' lang='lat' dir='ltr'>Scribe</span> <span class='ocrx_word' id='word_1_62' title='bbox 530 700 610 739; x_wconf 80' lang='grc' dir='ltr'>τοῦ</span> <span class='ocrx_word' id='word_1_63' title='bbox 634 695 788 756; x_wconf 72' lang='grc' dir='ltr'>ἵξιόνος</span> <span class='ocrx_word' id='word_1_64' title='bbox 812 702 912 743; x_wconf 79' lang='grc' dir='ltr'>παῖς·</span> <span class='ocrx_word' id='word_1_65' title='bbox 936 711 994 739; x_wconf 84' lang='lat' dir='ltr'>ex</span> <span class='ocrx_word' id='word_1_66' title='bbox 1021 694 1081 740; x_wconf 88' lang='lat' dir='ltr'>O.</span> <span class='ocrx_word' id='word_1_67' title='bbox 1287 711 1352 752; x_wconf 85' lang='lat'>19.</span> <span class='ocrx_word' id='word_1_68' title='bbox 1378 693 1512 738; x_wconf 81' lang='grc' dir='ltr'>ἐθέλει</span> <span class='ocrx_word' id='word_1_69' title='bbox 1539 692 1730 750; x_wconf 76' lang='grc' dir='ltr'>γύναιον]</span> 
     </span>
     <span class='ocr_line' id='line_1_9' title="bbox 218 769 1737 830; baseline -0.003 -14"><span class='ocrx_word' id='word_1_70' title='bbox 218 772 273 816; x_wconf 92' lang='lat' dir='ltr'>In</span> <span class='ocrx_word' id='word_1_71' title='bbox 307 775 358 814; x_wconf 92' lang='lat' dir='ltr'>O.</span> <span class='ocrx_word' id='word_1_72' title='bbox 395 777 466 815; x_wconf 88' lang='lat' dir='ltr'>est</span> <span class='ocrx_word' id='word_1_73' title='bbox 499 771 655 823; x_wconf 81' lang='grc' dir='ltr'>ἐθελησ-</span> <span class='ocrx_word' id='word_1_74' title='bbox 691 806 884 817; x_wconf 86' lang='grc'><strong>......</strong></span> <span class='ocrx_word' id='word_1_75' title='bbox 911 771 1082 830; x_wconf 75' lang='grc' dir='ltr'>γύναιον</span> <span class='ocrx_word' id='word_1_76' title='bbox 1115 786 1219 815; x_wconf 86' lang='lat' dir='ltr'>cum</span> <span class='ocrx_word' id='word_1_77' title='bbox 1255 785 1336 815; x_wconf 82' lang='lat' dir='ltr'>sex</span> <span class='ocrx_word' id='word_1_78' title='bbox 1372 770 1468 815; x_wconf 90' lang='lat' dir='ltr'>fere</span> <span class='ocrx_word' id='word_1_79' title='bbox 1497 769 1737 813; x_wconf 84' lang='lat' dir='ltr'>literarum</span> 
     </span>
     <span class='ocr_line' id='line_1_10' title="bbox 217 842 1737 907; baseline -0.003 -15"><span class='ocrx_word' id='word_1_80' title='bbox 217 847 399 899; x_wconf 81' lang='lat' dir='ltr'>lacuna,</span> <span class='ocrx_word' id='word_1_81' title='bbox 425 862 563 905; x_wconf 80' lang='lat' dir='ltr'>quam</span> <span class='ocrx_word' id='word_1_82' title='bbox 590 848 854 892; x_wconf 77' lang='lat' dir='ltr'>obscuravit</span> <span class='ocrx_word' id='word_1_83' title='bbox 879 848 1185 907; x_wconf 76' lang='lat' dir='ltr'>interpolator</span> <span class='ocrx_word' id='word_1_84' title='bbox 1203 846 1406 891; x_wconf 87' lang='lat' dir='ltr'>Aldinus</span> <span class='ocrx_word' id='word_1_85' title='bbox 1424 846 1593 897; x_wconf 78' lang='grc' dir='ltr'>ἐθελησ,</span> <span class='ocrx_word' id='word_1_86' title='bbox 1611 842 1737 902; x_wconf 86' lang='lat' dir='ltr'>quod</span> 
     </span>
     <span class='ocr_line' id='line_1_11' title="bbox 219 919 1742 981; baseline -0.003 -14"><span class='ocrx_word' id='word_1_87' title='bbox 219 923 342 967; x_wconf 82' lang='lat' dir='ltr'>haud</span> <span class='ocrx_word' id='word_1_88' title='bbox 381 923 522 967; x_wconf 85' lang='lat' dir='ltr'>dubie</span> <span class='ocrx_word' id='word_1_89' title='bbox 560 923 828 974; x_wconf 76' lang='grc' dir='ltr'>ἐθελήσαντα</span> <span class='ocrx_word' id='word_1_90' title='bbox 867 923 972 975; x_wconf 86' lang='lat' dir='ltr'>fuit,</span> <span class='ocrx_word' id='word_1_91' title='bbox 1004 924 1306 981; x_wconf 85' lang='lat' dir='ltr'>conjunctum</span> <span class='ocrx_word' id='word_1_92' title='bbox 1348 937 1453 967; x_wconf 88' lang='lat' dir='ltr'>cum</span> <span class='ocrx_word' id='word_1_93' title='bbox 1492 921 1619 965; x_wconf 87' lang='lat' dir='ltr'>verbi</span> <span class='ocrx_word' id='word_1_94' title='bbox 1655 919 1742 964; x_wconf 85' lang='lat' dir='ltr'>ali-</span> 
     </span>
     <span class='ocr_line' id='line_1_12' title="bbox 220 998 1080 1057; baseline 0.001 -15"><span class='ocrx_word' id='word_1_95' title='bbox 220 999 353 1057; x_wconf 87' lang='lat' dir='ltr'>cujus</span> <span class='ocrx_word' id='word_1_96' title='bbox 378 999 620 1051; x_wconf 85' lang='lat' dir='ltr'>infinitivo,</span> <span class='ocrx_word' id='word_1_97' title='bbox 648 1000 695 1042; x_wconf 87' lang='lat' dir='ltr'>in</span> <span class='ocrx_word' id='word_1_98' title='bbox 719 998 855 1042; x_wconf 82' lang='grc' dir='ltr'>ἐθέλει</span> <span class='ocrx_word' id='word_1_99' title='bbox 881 1004 1080 1043; x_wconf 83' lang='lat' dir='ltr'>mutato.</span> 
     </span>
    </p>

    <p class='ocr_par' dir='ltr' id='par_1_3' title="bbox 218 1070 1742 1585">
     <span class='ocr_line' id='line_1_13' title="bbox 285 1070 1738 1132; baseline -0.001 -15"><span class='ocrx_word' id='word_1_100' title='bbox 285 1074 339 1117; x_wconf 88' lang='lat' dir='ltr'>P.</span> <span class='ocrx_word' id='word_1_101' title='bbox 369 1079 464 1130; x_wconf 86' lang='lat'>706,</span> <span class='ocrx_word' id='word_1_102' title='bbox 485 1091 527 1131; x_wconf 80' lang='lat'>3.</span> <span class='ocrx_word' id='word_1_103' title='bbox 566 1073 830 1132; x_wconf 77' lang='lat' dir='ltr'>Utramque</span> <span class='ocrx_word' id='word_1_104' title='bbox 860 1074 1066 1119; x_wconf 81' lang='grc' dir='ltr'>ὑπόθεσιν</span> <span class='ocrx_word' id='word_1_105' title='bbox 1099 1074 1238 1118; x_wconf 81' lang='lat' dir='ltr'>habet</span> <span class='ocrx_word' id='word_1_106' title='bbox 1264 1072 1324 1119; x_wconf 87' lang='lat' dir='ltr'>O.</span> <span class='ocrx_word' id='word_1_107' title='bbox 1529 1088 1566 1130; x_wconf 88' lang='lat'>7.</span> <span class='ocrx_word' id='word_1_108' title='bbox 1592 1073 1649 1118; x_wconf 94' lang='lat' dir='ltr'>In</span> <span class='ocrx_word' id='word_1_109' title='bbox 1676 1070 1738 1116; x_wconf 90' lang='lat' dir='ltr'>O.</span> 
     </span>
     <span class='ocr_line' id='line_1_14' title="bbox 218 1147 1740 1212; baseline -0.001 -18"><span class='ocrx_word' id='word_1_110' title='bbox 218 1150 482 1194; x_wconf 80' lang='lat' dir='ltr'>accusativo</span> <span class='ocrx_word' id='word_1_111' title='bbox 507 1166 614 1194; x_wconf 72' lang='lat' dir='ltr'>casu</span> <span class='ocrx_word' id='word_1_112' title='bbox 649 1151 1031 1212; x_wconf 80' lang='grc' dir='ltr'>μνηστηροφονίαν</span> <span class='ocrx_word' id='word_1_113' title='bbox 1065 1150 1142 1202; x_wconf 79' lang='grc' dir='ltr'>τὴν</span> <span class='ocrx_word' id='word_1_114' title='bbox 1178 1154 1262 1194; x_wconf 78' lang='grc' dir='ltr'>τῶν</span> <span class='ocrx_word' id='word_1_115' title='bbox 1286 1147 1496 1201; x_wconf 76' lang='grc' dir='ltr'>σωμάτων</span> <span class='ocrx_word' id='word_1_116' title='bbox 1531 1167 1740 1207; x_wconf 76' lang='grc' dir='ltr'>συγκομι-</span> 
     </span>
     <span class='ocr_line' id='line_1_15' title="bbox 220 1224 1738 1288; baseline 0.001 -20"><span class='ocrx_word' id='word_1_117' title='bbox 220 1224 306 1276; x_wconf 71' lang='grc' dir='ltr'>δήν.</span> <span class='ocrx_word' id='word_1_118' title='bbox 343 1233 390 1269; x_wconf 82' lang='lat' dir='ltr'>et</span> <span class='ocrx_word' id='word_1_119' title='bbox 414 1227 585 1286; x_wconf 78' lang='grc' dir='ltr'>καθήρει</span> <span class='ocrx_word' id='word_1_120' title='bbox 613 1241 695 1284; x_wconf 83' lang='lat' dir='ltr'>pro</span> <span class='ocrx_word' id='word_1_121' title='bbox 719 1228 926 1288; x_wconf 80' lang='grc' dir='ltr'>καθαίρει.</span> <span class='ocrx_word' id='word_1_122' title='bbox 1101 1243 1163 1281; x_wconf 90' lang='lat'>14.</span> <span class='ocrx_word' id='word_1_123' title='bbox 1190 1226 1310 1270; x_wconf 89' lang='lat' dir='ltr'>Cum</span> <span class='ocrx_word' id='word_1_124' title='bbox 1335 1226 1397 1271; x_wconf 91' lang='lat' dir='ltr'>V.</span> <span class='ocrx_word' id='word_1_125' title='bbox 1421 1226 1655 1270; x_wconf 84' lang='lat' dir='ltr'>consentit</span> <span class='ocrx_word' id='word_1_126' title='bbox 1680 1225 1738 1269; x_wconf 93' lang='lat' dir='ltr'>O.</span> 
     </span>
     <span class='ocr_line' id='line_1_16' title="bbox 222 1300 1738 1360; baseline 0 -16"><span class='ocrx_word' id='word_1_127' title='bbox 222 1300 437 1360; x_wconf 83' lang='lat' dir='ltr'>(quorum</span> <span class='ocrx_word' id='word_1_128' title='bbox 476 1307 673 1360; x_wconf 82' lang='lat' dir='ltr'>uterque</span> <span class='ocrx_word' id='word_1_129' title='bbox 711 1303 918 1347; x_wconf 78' lang='lat' dir='ltr'>scholion</span> <span class='ocrx_word' id='word_1_130' title='bbox 958 1303 1047 1347; x_wconf 82' lang='lat' dir='ltr'>hoc</span> <span class='ocrx_word' id='word_1_131' title='bbox 1084 1304 1131 1346; x_wconf 87' lang='lat' dir='ltr'>in</span> <span class='ocrx_word' id='word_1_132' title='bbox 1169 1304 1261 1348; x_wconf 85' lang='lat' dir='ltr'>fine</span> <span class='ocrx_word' id='word_1_133' title='bbox 1299 1303 1401 1347; x_wconf 87' lang='lat' dir='ltr'>libri</span> <span class='ocrx_word' id='word_1_134' title='bbox 1442 1302 1619 1360; x_wconf 79' lang='lat' dir='ltr'>habet),</span> <span class='ocrx_word' id='word_1_135' title='bbox 1651 1301 1738 1345; x_wconf 85' lang='lat' dir='ltr'>nisi</span> 
     </span>
     <span class='ocr_line' id='line_1_17' title="bbox 221 1376 1741 1439; baseline -0.001 -18"><span class='ocrx_word' id='word_1_136' title='bbox 221 1377 344 1436; x_wconf 85' lang='lat' dir='ltr'>quod</span> <span class='ocrx_word' id='word_1_137' title='bbox 381 1376 511 1437; x_wconf 75' lang='grc' dir='ltr'>ἄκρου</span> <span class='ocrx_word' id='word_1_138' title='bbox 550 1378 692 1435; x_wconf 85' lang='lat' dir='ltr'>(male</span> <span class='ocrx_word' id='word_1_139' title='bbox 725 1377 876 1439; x_wconf 65' lang='grc' dir='ltr'>ἄκρους</span> <span class='ocrx_word' id='word_1_140' title='bbox 913 1380 1136 1438; x_wconf 85' lang='lat' dir='ltr'>scriptum</span> <span class='ocrx_word' id='word_1_141' title='bbox 1175 1380 1221 1422; x_wconf 91' lang='lat' dir='ltr'>in</span> <span class='ocrx_word' id='word_1_142' title='bbox 1259 1380 1331 1423; x_wconf 86' lang='lat' dir='ltr'>ed.</span> <span class='ocrx_word' id='word_1_143' title='bbox 1375 1377 1508 1434; x_wconf 86' lang='lat' dir='ltr'>Ald.)</span> <span class='ocrx_word' id='word_1_144' title='bbox 1546 1378 1741 1433; x_wconf 83' lang='lat' dir='ltr'>omittit,</span> 
     </span>
     <span class='ocr_line' id='line_1_18' title="bbox 222 1453 1742 1513; baseline 0 -16"><span class='ocrx_word' id='word_1_145' title='bbox 222 1454 407 1512; x_wconf 85' lang='lat' dir='ltr'>quodin</span> <span class='ocrx_word' id='word_1_146' title='bbox 434 1453 545 1498; x_wconf 69' lang='lat' dir='ltr'>Ald.</span> <span class='ocrx_word' id='word_1_147' title='bbox 576 1455 700 1499; x_wconf 83' lang='lat' dir='ltr'>haud</span> <span class='ocrx_word' id='word_1_148' title='bbox 734 1456 877 1500; x_wconf 88' lang='lat' dir='ltr'>dubie</span> <span class='ocrx_word' id='word_1_149' title='bbox 914 1472 939 1500; x_wconf 93' lang='lat' dir='ltr'>e</span> <span class='ocrx_word' id='word_1_150' title='bbox 972 1455 1072 1499; x_wconf 91' lang='lat' dir='ltr'>loco</span> <span class='ocrx_word' id='word_1_151' title='bbox 1103 1456 1319 1500; x_wconf 85' lang='lat' dir='ltr'>inferiore</span> <span class='ocrx_word' id='word_1_152' title='bbox 1352 1454 1620 1513; x_wconf 77' lang='lat' dir='ltr'>suppletum</span> <span class='ocrx_word' id='word_1_153' title='bbox 1655 1460 1742 1498; x_wconf 82' lang='lat' dir='ltr'>est.</span> 
     </span>
     <span class='ocr_line' id='line_1_19' title="bbox 226 1529 827 1585; baseline 0.002 -12"><span class='ocrx_word' id='word_1_154' title='bbox 226 1535 291 1573; x_wconf 82' lang='grc'>16.</span> <span class='ocrx_word' id='word_1_155' title='bbox 317 1530 510 1585; x_wconf 73' lang='grc' dir='ltr'>ἔκπωμα]</span> <span class='ocrx_word' id='word_1_156' title='bbox 543 1533 670 1582; x_wconf 75' lang='grc' dir='ltr'>πῶμα</span> <span class='ocrx_word' id='word_1_157' title='bbox 697 1529 827 1577; x_wconf 80' lang='lat' dir='ltr'>O-V.</span> 
     </span>
    </p>

    <p class='ocr_par' dir='ltr' id='par_1_4' title="bbox 290 1604 1742 1669">
     <span class='ocr_line' id='line_1_20' title="bbox 290 1604 1742 1669; baseline 0.001 -20"><span class='ocrx_word' id='word_1_158' title='bbox 290 1605 342 1650; x_wconf 91' lang='lat' dir='ltr'>P.</span> <span class='ocrx_word' id='word_1_159' title='bbox 371 1621 468 1662; x_wconf 85' lang='lat'>707,</span> <span class='ocrx_word' id='word_1_160' title='bbox 494 1625 535 1661; x_wconf 87' lang='lat'>4.</span> <span class='ocrx_word' id='word_1_161' title='bbox 562 1604 820 1669; x_wconf 77' lang='grc' dir='ltr'>ἐπιζαρῆσαι</span> <span class='ocrx_word' id='word_1_162' title='bbox 847 1608 989 1652; x_wconf 75' lang='lat' dir='ltr'>etiam</span> <span class='ocrx_word' id='word_1_163' title='bbox 1017 1606 1077 1652; x_wconf 73' lang='lat' dir='ltr'>O,</span> <span class='ocrx_word' id='word_1_164' title='bbox 1260 1624 1326 1653; x_wconf 84' lang='lat'>22.</span> <span class='ocrx_word' id='word_1_165' title='bbox 1354 1608 1408 1651; x_wconf 90' lang='lat' dir='ltr'>In</span> <span class='ocrx_word' id='word_1_166' title='bbox 1435 1607 1494 1651; x_wconf 85' lang='lat' dir='ltr'>O.</span> <span class='ocrx_word' id='word_1_167' title='bbox 1518 1607 1742 1665; x_wconf 82' lang='lat' dir='ltr'>scriptum</span> 
     </span>
    </p>
   </div>
   <div class='ocr_carea' id='block_1_3' title="bbox 1714 1690 1745 1706">
    <p class='ocr_par' dir='ltr' id='par_1_5' title="bbox 1714 1690 1745 1706">
     <span class='ocr_line' id='line_1_21' title="bbox 1714 1690 1745 1706; baseline 0.065 -2"><span class='ocrx_word' id='word_1_168' title='bbox 1714 1690 1745 1706; x_wconf 66' lang='grc' dir='ltr'>αι</span> 
     </span>
    </p>
   </div>
   <div class='ocr_carea' id='block_1_4' title="bbox 223 1715 1748 2080">
    <p class='ocr_par' dir='ltr' id='par_1_6' title="bbox 223 1715 1748 2080">
     <span class='ocr_line' id='line_1_22' title="bbox 225 1715 1744 1775; baseline 0 -16"><span class='ocrx_word' id='word_1_169' title='bbox 225 1715 389 1775; x_wconf 80' lang='lat' dir='ltr'>(literis</span> <span class='ocrx_word' id='word_1_170' title='bbox 431 1736 471 1759; x_wconf 84' lang='grc' dir='ltr'>αι</span> <span class='ocrx_word' id='word_1_171' title='bbox 512 1731 652 1775; x_wconf 85' lang='lat' dir='ltr'>super</span> <span class='ocrx_word' id='word_1_172' title='bbox 687 1717 842 1762; x_wconf 80' lang='grc' dir='ltr'><em>ἔσεσθε</em></span> <span class='ocrx_word' id='word_1_173' title='bbox 883 1733 910 1761; x_wconf 83' lang='lat' dir='ltr'>a</span> <span class='ocrx_word' id='word_1_174' title='bbox 950 1732 1010 1761; x_wconf 87' lang='lat' dir='ltr'>m.</span> <span class='ocrx_word' id='word_1_175' title='bbox 1049 1718 1306 1762; x_wconf 83' lang='lat' dir='ltr'>recentiore</span> <span class='ocrx_word' id='word_1_176' title='bbox 1348 1717 1528 1775; x_wconf 84' lang='lat' dir='ltr'>positis)</span> <span class='ocrx_word' id='word_1_177' title='bbox 1575 1716 1744 1760; x_wconf 81' lang='grc' dir='ltr'><em>ἔσεσθε.</em></span> 
     </span>
     <span class='ocr_line' id='line_1_23' title="bbox 224 1791 1744 1853; baseline 0.001 -20"><span class='ocrx_word' id='word_1_178' title='bbox 224 1791 319 1836; x_wconf 71' lang='grc' dir='ltr'>ἀντὶ</span> <span class='ocrx_word' id='word_1_179' title='bbox 356 1795 436 1836; x_wconf 77' lang='grc' dir='ltr'>τοῦ</span> <span class='ocrx_word' id='word_1_180' title='bbox 468 1793 751 1846; x_wconf 78' lang='grc' dir='ltr'>ἐννοήσαντες,</span> <span class='ocrx_word' id='word_1_181' title='bbox 788 1794 1022 1853; x_wconf 72' lang='lat' dir='ltr'>adscripto</span> <span class='ocrx_word' id='word_1_182' title='bbox 1062 1794 1184 1839; x_wconf 73' lang='lat' dir='ltr'>inter</span> <span class='ocrx_word' id='word_1_183' title='bbox 1217 1793 1372 1838; x_wconf 73' lang='grc' dir='ltr'>ἔσεσθε</span> <span class='ocrx_word' id='word_1_184' title='bbox 1404 1798 1452 1837; x_wconf 74' lang='lat' dir='ltr'>et</span> <span class='ocrx_word' id='word_1_185' title='bbox 1487 1791 1582 1836; x_wconf 70' lang='grc' dir='ltr'>ἀντὶ</span> <span class='ocrx_word' id='word_1_186' title='bbox 1619 1807 1646 1836; x_wconf 80' lang='lat' dir='ltr'>a</span> <span class='ocrx_word' id='word_1_187' title='bbox 1681 1806 1744 1835; x_wconf 85' lang='lat' dir='ltr'>m.</span> 
     </span>
     <span class='ocr_line' id='line_1_24' title="bbox 223 1867 1745 1928; baseline -0.001 -16"><span class='ocrx_word' id='word_1_188' title='bbox 223 1869 483 1912; x_wconf 76' lang='lat' dir='ltr'>recentiore</span> <span class='ocrx_word' id='word_1_189' title='bbox 508 1867 810 1926; x_wconf 76' lang='grc' dir='ltr'>ἀναγνωστέον</span> <span class='ocrx_word' id='word_1_190' title='bbox 843 1870 909 1913; x_wconf 73' lang='grc' dir='ltr'>ἵνα</span> <span class='ocrx_word' id='word_1_191' title='bbox 947 1870 971 1928; x_wconf 73' lang='grc' dir='ltr'><strong><em>ᾖ</em></strong></span> <span class='ocrx_word' id='word_1_192' title='bbox 1006 1867 1180 1913; x_wconf 71' lang='grc' dir='ltr'>δεισάντ</span> <span class='ocrx_word' id='word_1_193' title='bbox 1202 1869 1393 1922; x_wconf 78' lang='grc' dir='ltr'><em>ἔσεσθαι,</em></span> <span class='ocrx_word' id='word_1_194' title='bbox 1419 1876 1468 1914; x_wconf 71' lang='lat' dir='ltr'>et</span> <span class='ocrx_word' id='word_1_195' title='bbox 1496 1869 1554 1913; x_wconf 77' lang='lat' dir='ltr'>ab</span> <span class='ocrx_word' id='word_1_196' title='bbox 1579 1868 1745 1912; x_wconf 77' lang='lat' dir='ltr'>eaden}</span> 
     </span>
     <span class='ocr_line' id='line_1_25' title="bbox 226 1944 1745 2004; baseline 0 -16"><span class='ocrx_word' id='word_1_197' title='bbox 226 1946 274 1988; x_wconf 85' lang='lat' dir='ltr'>in</span> <span class='ocrx_word' id='word_1_198' title='bbox 297 1945 506 2004; x_wconf 81' lang='lat' dir='ltr'>margine</span> <span class='ocrx_word' id='word_1_199' title='bbox 531 1946 764 1989; x_wconf 87' lang='lat' dir='ltr'>exteriore</span> <span class='ocrx_word' id='word_1_200' title='bbox 789 1944 1003 1992; x_wconf 76' lang='grc' dir='ltr'>δείσαντες</span> <span class='ocrx_word' id='word_1_201' title='bbox 1037 1946 1230 1990; x_wconf 75' lang='grc' dir='ltr'><em>ἔσεσθαι.</em></span> <span class='ocrx_word' id='word_1_202' title='bbox 1282 1946 1441 1991; x_wconf 82' lang='lat' dir='ltr'>Verba</span> <span class='ocrx_word' id='word_1_203' title='bbox 1464 1952 1623 1990; x_wconf 84' lang='lat' dir='ltr'>autem</span> <span class='ocrx_word' id='word_1_204' title='bbox 1647 1944 1745 1988; x_wconf 76' lang='grc' dir='ltr'>ἀντὶ</span> 
     </span>
     <span class='ocr_line' id='line_1_26' title="bbox 227 2020 1748 2080; baseline -0.001 -14"><span class='ocrx_word' id='word_1_205' title='bbox 227 2024 307 2066; x_wconf 83' lang='grc' dir='ltr'>τοῦ</span> <span class='ocrx_word' id='word_1_206' title='bbox 329 2021 600 2071; x_wconf 81' lang='grc' dir='ltr'>ἐννοήσαντες</span> <span class='ocrx_word' id='word_1_207' title='bbox 632 2022 718 2066; x_wconf 86' lang='lat' dir='ltr'>sub</span> <span class='ocrx_word' id='word_1_208' title='bbox 747 2023 1053 2080; x_wconf 54' lang='lat' dir='ltr'>praecedentis</span> <span class='ocrx_word' id='word_1_209' title='bbox 1089 2022 1222 2066; x_wconf 80' lang='lat' dir='ltr'>lineae</span> <span class='ocrx_word' id='word_1_210' title='bbox 1253 2023 1393 2066; x_wconf 79' lang='lat' dir='ltr'>verba</span> <span class='ocrx_word' id='word_1_211' title='bbox 1424 2025 1457 2064; x_wconf 85' lang='grc' dir='ltr'>κ’</span> <span class='ocrx_word' id='word_1_212' title='bbox 1482 2023 1583 2073; x_wconf 73' lang='grc' dir='ltr'>ὔμμι</span> <span class='ocrx_word' id='word_1_213' title='bbox 1620 2020 1748 2068; x_wconf 78' lang='grc' dir='ltr'>κακὰς</span> 
     </span>
    </p>
   </div>
   <div class='ocr_carea' id='block_1_5' title="bbox 229 2157 1754 3040">
    <p class='ocr_par' dir='ltr' id='par_1_7' title="bbox 229 2157 1754 3040">
     <span class='ocr_line' id='line_1_27' title="bbox 281 2157 1749 2205; baseline 0.001 -13"><span class='ocrx_word' id='word_1_214' title='bbox 281 2157 302 2183; x_wconf 80' lang='lat' dir='ltr'>k</span> <span class='ocrx_word' id='word_1_215' title='bbox 333 2158 522 2205; x_wconf 81' lang='lat' dir='ltr'>Frequens</span> <span class='ocrx_word' id='word_1_216' title='bbox 542 2158 602 2192; x_wconf 89' lang='lat' dir='ltr'>hic</span> <span class='ocrx_word' id='word_1_217' title='bbox 622 2170 726 2193; x_wconf 87' lang='lat' dir='ltr'>error</span> <span class='ocrx_word' id='word_1_218' title='bbox 745 2158 977 2193; x_wconf 80' lang='lat' dir='ltr'>librariorum</span> <span class='ocrx_word' id='word_1_219' title='bbox 999 2164 1056 2194; x_wconf 86' lang='lat' dir='ltr'>est</span> <span class='ocrx_word' id='word_1_220' title='bbox 1075 2159 1227 2194; x_wconf 85' lang='lat' dir='ltr'>nomina</span> <span class='ocrx_word' id='word_1_221' title='bbox 1247 2159 1504 2194; x_wconf 81' lang='lat' dir='ltr'>declinationis</span> <span class='ocrx_word' id='word_1_222' title='bbox 1525 2159 1645 2194; x_wconf 85' lang='lat' dir='ltr'>tertiae</span> <span class='ocrx_word' id='word_1_223' title='bbox 1665 2171 1749 2205; x_wconf 72' lang='lat' dir='ltr'>quae</span> 
     </span>
     <span class='ocr_line' id='line_1_28' title="bbox 229 2221 1748 2269; baseline 0.001 -11"><span class='ocrx_word' id='word_1_224' title='bbox 229 2224 267 2259; x_wconf 89' lang='lat' dir='ltr'>in</span> <span class='ocrx_word' id='word_1_225' title='bbox 295 2222 460 2269; x_wconf 77' lang='lat' dir='ltr'>pai-alexi</span> <span class='ocrx_word' id='word_1_226' title='bbox 489 2234 640 2257; x_wconf 84' lang='lat' dir='ltr'>casuum</span> <span class='ocrx_word' id='word_1_227' title='bbox 671 2221 904 2268; x_wconf 85' lang='lat' dir='ltr'>obliquorum</span> <span class='ocrx_word' id='word_1_228' title='bbox 931 2238 950 2256; x_wconf 91' lang='grc' dir='ltr'>ο</span> <span class='ocrx_word' id='word_1_229' title='bbox 976 2223 1090 2258; x_wconf 84' lang='lat' dir='ltr'>breve</span> <span class='ocrx_word' id='word_1_230' title='bbox 1119 2222 1258 2258; x_wconf 83' lang='lat' dir='ltr'>habent</span> <span class='ocrx_word' id='word_1_231' title='bbox 1287 2223 1325 2258; x_wconf 94' lang='lat' dir='ltr'>in</span> <span class='ocrx_word' id='word_1_232' title='bbox 1351 2238 1434 2259; x_wconf 83' lang='grc' dir='ltr'>ωνος</span> <span class='ocrx_word' id='word_1_233' title='bbox 1453 2223 1748 2260; x_wconf 79' lang='lat' dir='ltr'>terminantium.</span> 
     </span>
     <span class='ocr_line' id='line_1_29' title="bbox 232 2286 1750 2335; baseline 0.001 -13"><span class='ocrx_word' id='word_1_234' title='bbox 232 2287 294 2323; x_wconf 74' lang='lat' dir='ltr'>Sic</span> <span class='ocrx_word' id='word_1_235' title='bbox 324 2286 625 2322; x_wconf 72' lang='lat' dir='ltr'>Philammonem</span> <span class='ocrx_word' id='word_1_236' title='bbox 655 2298 754 2320; x_wconf 88' lang='lat' dir='ltr'>nunc</span> <span class='ocrx_word' id='word_1_237' title='bbox 783 2286 917 2332; x_wconf 88' lang='lat' dir='ltr'>ubique</span> <span class='ocrx_word' id='word_1_238' title='bbox 947 2288 1149 2331; x_wconf 81' lang='grc' dir='ltr'>Φιλάμμωνα</span> <span class='ocrx_word' id='word_1_239' title='bbox 1178 2286 1287 2322; x_wconf 78' lang='lat' dir='ltr'>scribi</span> <span class='ocrx_word' id='word_1_240' title='bbox 1313 2287 1494 2327; x_wconf 84' lang='lat' dir='ltr'>videmus,</span> <span class='ocrx_word' id='word_1_241' title='bbox 1519 2287 1621 2322; x_wconf 83' lang='lat' dir='ltr'>velut</span> <span class='ocrx_word' id='word_1_242' title='bbox 1650 2288 1750 2335; x_wconf 86' lang='lat' dir='ltr'>apud</span> 
     </span>
     <span class='ocr_line' id='line_1_30' title="bbox 229 2349 1748 2398; baseline 0.001 -13"><span class='ocrx_word' id='word_1_243' title='bbox 229 2350 450 2386; x_wconf 75' lang='lat' dir='ltr'>AEschinem</span> <span class='ocrx_word' id='word_1_244' title='bbox 484 2362 519 2396; x_wconf 82' lang='lat' dir='ltr'>p.</span> <span class='ocrx_word' id='word_1_245' title='bbox 549 2349 611 2389; x_wconf 79' lang='lat'>81,</span> <span class='ocrx_word' id='word_1_246' title='bbox 638 2361 675 2394; x_wconf 79' lang='lat'>4.</span> <span class='ocrx_word' id='word_1_247' title='bbox 718 2349 960 2385; x_wconf 78' lang='lat' dir='ltr'>Aristotelem</span> <span class='ocrx_word' id='word_1_248' title='bbox 991 2350 1101 2385; x_wconf 87' lang='lat' dir='ltr'>Rhet.</span> <span class='ocrx_word' id='word_1_249' title='bbox 1125 2361 1162 2396; x_wconf 89' lang='lat'>3,</span> <span class='ocrx_word' id='word_1_250' title='bbox 1184 2361 1241 2385; x_wconf 87' lang='lat'>11.</span> <span class='ocrx_word' id='word_1_251' title='bbox 1282 2349 1557 2397; x_wconf 84' lang='lat' dir='ltr'>Apollodorum</span> <span class='ocrx_word' id='word_1_252' title='bbox 1584 2363 1615 2393; x_wconf 88' lang='lat'>1,</span> <span class='ocrx_word' id='word_1_253' title='bbox 1645 2363 1680 2397; x_wconf 86' lang='lat'>3,</span> <span class='ocrx_word' id='word_1_254' title='bbox 1713 2363 1748 2398; x_wconf 82' lang='lat'>3.</span> 
     </span>
     <span class='ocr_line' id='line_1_31' title="bbox 232 2413 1750 2461; baseline 0.001 -12"><span class='ocrx_word' id='word_1_255' title='bbox 232 2413 456 2449; x_wconf 73' lang='lat' dir='ltr'>Pausaniam</span> <span class='ocrx_word' id='word_1_256' title='bbox 479 2425 513 2455; x_wconf 84' lang='lat'>2,</span> <span class='ocrx_word' id='word_1_257' title='bbox 537 2424 599 2460; x_wconf 76' lang='lat'>37,</span> <span class='ocrx_word' id='word_1_258' title='bbox 626 2424 658 2448; x_wconf 88' lang='lat'>2.</span> <span class='ocrx_word' id='word_1_259' title='bbox 680 2419 717 2448; x_wconf 92' lang='lat' dir='ltr'>et</span> <span class='ocrx_word' id='word_1_260' title='bbox 736 2424 774 2458; x_wconf 77' lang='lat'>3.</span> <span class='ocrx_word' id='word_1_261' title='bbox 796 2424 834 2458; x_wconf 83' lang='lat'>4,</span> <span class='ocrx_word' id='word_1_262' title='bbox 861 2425 923 2460; x_wconf 82' lang='lat'>33.</span> <span class='ocrx_word' id='word_1_263' title='bbox 946 2425 982 2461; x_wconf 82' lang='lat'>3.</span> <span class='ocrx_word' id='word_1_264' title='bbox 1010 2426 1069 2454; x_wconf 92' lang='lat'>10,</span> <span class='ocrx_word' id='word_1_265' title='bbox 1091 2425 1124 2460; x_wconf 85' lang='lat'>7,</span> <span class='ocrx_word' id='word_1_266' title='bbox 1148 2426 1183 2449; x_wconf 77' lang='lat'>2.</span> <span class='ocrx_word' id='word_1_267' title='bbox 1207 2414 1434 2461; x_wconf 77' lang='lat' dir='ltr'>Harpocrat.</span> <span class='ocrx_word' id='word_1_268' title='bbox 1457 2428 1485 2450; x_wconf 85' lang='lat' dir='ltr'>s.</span> <span class='ocrx_word' id='word_1_269' title='bbox 1502 2427 1536 2450; x_wconf 85' lang='lat' dir='ltr'>v.</span> <span class='ocrx_word' id='word_1_270' title='bbox 1557 2415 1750 2460; x_wconf 82' lang='grc' dir='ltr'>Φιλάμμων,</span> 
     </span>
     <span class='ocr_line' id='line_1_32' title="bbox 232 2477 1750 2525; baseline 0.001 -12"><span class='ocrx_word' id='word_1_271' title='bbox 232 2478 347 2513; x_wconf 78' lang='lat' dir='ltr'>schol.</span> <span class='ocrx_word' id='word_1_272' title='bbox 371 2478 490 2513; x_wconf 82' lang='lat' dir='ltr'>Hom.</span> <span class='ocrx_word' id='word_1_273' title='bbox 508 2477 550 2512; x_wconf 90' lang='lat' dir='ltr'>Il.</span> <span class='ocrx_word' id='word_1_274' title='bbox 569 2484 605 2517; x_wconf 83' lang='lat' dir='ltr'>B,</span> <span class='ocrx_word' id='word_1_275' title='bbox 621 2487 709 2525; x_wconf 81' lang='lat'>595.</span> <span class='ocrx_word' id='word_1_276' title='bbox 727 2484 764 2513; x_wconf 90' lang='lat' dir='ltr'>et</span> <span class='ocrx_word' id='word_1_277' title='bbox 785 2477 1120 2513; x_wconf 62' lang='lat' dir='ltr'>Phcebammenem</span> <span class='ocrx_word' id='word_1_278' title='bbox 1142 2479 1364 2523; x_wconf 77' lang='grc' dir='ltr'>Φοιβάμμωνα</span> <span class='ocrx_word' id='word_1_279' title='bbox 1384 2479 1420 2514; x_wconf 92' lang='lat' dir='ltr'>in</span> <span class='ocrx_word' id='word_1_280' title='bbox 1437 2479 1572 2514; x_wconf 81' lang='lat' dir='ltr'>Walzii</span> <span class='ocrx_word' id='word_1_281' title='bbox 1594 2480 1750 2516; x_wconf 84' lang='lat' dir='ltr'>Rhetor.</span> 
     </span>
     <span class='ocr_line' id='line_1_33' title="bbox 230 2542 1752 2589; baseline 0.002 -13"><span class='ocrx_word' id='word_1_282' title='bbox 230 2543 304 2578; x_wconf 78' lang='lat' dir='ltr'>vol.</span> <span class='ocrx_word' id='word_1_283' title='bbox 330 2542 364 2577; x_wconf 82' lang='lat'>8.</span> <span class='ocrx_word' id='word_1_284' title='bbox 388 2555 421 2588; x_wconf 84' lang='lat' dir='ltr'>p.</span> <span class='ocrx_word' id='word_1_285' title='bbox 443 2553 613 2588; x_wconf 69' lang='lat'><strong>492-—5</strong></span> <span class='ocrx_word' id='word_1_286' title='bbox 628 2543 682 2576; x_wconf 67' lang='lat'>18.</span> <span class='ocrx_word' id='word_1_287' title='bbox 706 2555 781 2577; x_wconf 91' lang='lat' dir='ltr'>non</span> <span class='ocrx_word' id='word_1_288' title='bbox 803 2542 873 2577; x_wconf 78' lang='lat' dir='ltr'>alia</span> <span class='ocrx_word' id='word_1_289' title='bbox 894 2542 938 2577; x_wconf 82' lang='lat' dir='ltr'>de</span> <span class='ocrx_word' id='word_1_290' title='bbox 959 2555 1069 2577; x_wconf 75' lang='lat' dir='ltr'>causa</span> <span class='ocrx_word' id='word_1_291' title='bbox 1090 2556 1197 2589; x_wconf 75' lang='lat' dir='ltr'>quam</span> <span class='ocrx_word' id='word_1_292' title='bbox 1221 2543 1319 2589; x_wconf 84' lang='lat' dir='ltr'>quod</span> <span class='ocrx_word' id='word_1_293' title='bbox 1340 2544 1492 2578; x_wconf 80' lang='lat' dir='ltr'>nomina</span> <span class='ocrx_word' id='word_1_294' title='bbox 1512 2543 1592 2578; x_wconf 78' lang='lat' dir='ltr'>haec</span> <span class='ocrx_word' id='word_1_295' title='bbox 1619 2544 1752 2580; x_wconf 83' lang='lat' dir='ltr'>similia</span> 
     </span>
     <span class='ocr_line' id='line_1_34' title="bbox 232 2605 1751 2655; baseline 0.001 -13"><span class='ocrx_word' id='word_1_296' title='bbox 232 2619 314 2643; x_wconf 70' lang='lat' dir='ltr'>esse</span> <span class='ocrx_word' id='word_1_297' title='bbox 346 2606 559 2641; x_wconf 81' lang='lat' dir='ltr'>viderentur</span> <span class='ocrx_word' id='word_1_298' title='bbox 579 2605 758 2650; x_wconf 66' lang='grc' dir='ltr'>’Ἄμμωνος</span> <span class='ocrx_word' id='word_1_299' title='bbox 787 2606 941 2645; x_wconf 79' lang='lat' dir='ltr'>nomini,</span> <span class='ocrx_word' id='word_1_300' title='bbox 976 2607 1074 2653; x_wconf 85' lang='lat' dir='ltr'>quod</span> <span class='ocrx_word' id='word_1_301' title='bbox 1110 2607 1287 2654; x_wconf 68' lang='lat' dir='ltr'>syllabam</span> <span class='ocrx_word' id='word_1_302' title='bbox 1323 2607 1564 2653; x_wconf 82' lang='lat' dir='ltr'>penultimam</span> <span class='ocrx_word' id='word_1_303' title='bbox 1598 2608 1751 2655; x_wconf 80' lang='lat' dir='ltr'>longam</span> 
     </span>
     <span class='ocr_line' id='line_1_35' title="bbox 232 2669 1749 2719; baseline 0.002 -14"><span class='ocrx_word' id='word_1_304' title='bbox 232 2671 357 2706; x_wconf 76' lang='lat' dir='ltr'>habet.</span> <span class='ocrx_word' id='word_1_305' title='bbox 416 2670 532 2704; x_wconf 72' lang='lat' dir='ltr'>Recta</span> <span class='ocrx_word' id='word_1_306' title='bbox 562 2669 744 2716; x_wconf 67' lang='lat' dir='ltr'>scriptura</span> <span class='ocrx_word' id='word_1_307' title='bbox 764 2671 982 2714; x_wconf 80' lang='grc' dir='ltr'>Φιλάμμονος,</span> <span class='ocrx_word' id='word_1_308' title='bbox 1004 2684 1110 2717; x_wconf 75' lang='lat' dir='ltr'>quam</span> <span class='ocrx_word' id='word_1_309' title='bbox 1134 2678 1239 2706; x_wconf 66' lang='lat' dir='ltr'>extra</span> <span class='ocrx_word' id='word_1_310' title='bbox 1260 2672 1528 2707; x_wconf 74' lang='lat' dir='ltr'>dubitationem</span> <span class='ocrx_word' id='word_1_311' title='bbox 1549 2672 1653 2719; x_wconf 87' lang='lat' dir='ltr'>ponit</span> <span class='ocrx_word' id='word_1_312' title='bbox 1674 2672 1749 2708; x_wconf 88' lang='lat' dir='ltr'>Eu-</span> 
     </span>
     <span class='ocr_line' id='line_1_36' title="bbox 233 2733 1752 2783; baseline 0.001 -14"><span class='ocrx_word' id='word_1_313' title='bbox 233 2734 359 2781; x_wconf 74' lang='lat' dir='ltr'>ripidis</span> <span class='ocrx_word' id='word_1_314' title='bbox 382 2734 548 2768; x_wconf 70' lang='lat' dir='ltr'>senarius</span> <span class='ocrx_word' id='word_1_315' title='bbox 569 2733 682 2768; x_wconf 69' lang='lat' dir='ltr'>Rhesi</span> <span class='ocrx_word' id='word_1_316' title='bbox 699 2747 733 2768; x_wconf 71' lang='lat' dir='ltr'>V.</span> <span class='ocrx_word' id='word_1_317' title='bbox 754 2733 841 2780; x_wconf 77' lang='lat'>916.</span> <span class='ocrx_word' id='word_1_318' title='bbox 863 2735 907 2769; x_wconf 79' lang='lat' dir='ltr'>ab</span> <span class='ocrx_word' id='word_1_319' title='bbox 924 2735 1044 2769; x_wconf 74' lang='lat' dir='ltr'>verbis</span> <span class='ocrx_word' id='word_1_320' title='bbox 1065 2736 1272 2780; x_wconf 77' lang='grc' dir='ltr'>Φιλάμμονος</span> <span class='ocrx_word' id='word_1_321' title='bbox 1291 2738 1350 2770; x_wconf 83' lang='grc' dir='ltr'>παῖ</span> <span class='ocrx_word' id='word_1_322' title='bbox 1370 2735 1548 2783; x_wconf 77' lang='lat' dir='ltr'>incipiens</span> <span class='ocrx_word' id='word_1_323' title='bbox 1569 2743 1605 2771; x_wconf 86' lang='lat' dir='ltr'>et</span> <span class='ocrx_word' id='word_1_324' title='bbox 1626 2743 1752 2782; x_wconf 84' lang='lat' dir='ltr'>patro-</span> 
     </span>
     <span class='ocr_line' id='line_1_37' title="bbox 233 2797 1752 2846; baseline 0.001 -13"><span class='ocrx_word' id='word_1_325' title='bbox 233 2797 422 2846; x_wconf 85' lang='lat' dir='ltr'>nymicum</span> <span class='ocrx_word' id='word_1_326' title='bbox 443 2798 684 2841; x_wconf 65' lang='grc' dir='ltr'>Φιλαμμονίδης</span> <span class='ocrx_word' id='word_1_327' title='bbox 704 2797 801 2845; x_wconf 81' lang='lat' dir='ltr'>apud</span> <span class='ocrx_word' id='word_1_328' title='bbox 824 2798 1067 2834; x_wconf 77' lang='lat' dir='ltr'>Theocritum</span> <span class='ocrx_word' id='word_1_329' title='bbox 1093 2810 1150 2844; x_wconf 75' lang='lat'>24,</span> <span class='ocrx_word' id='word_1_330' title='bbox 1169 2811 1244 2839; x_wconf 63' lang='lat'>10„</span> <span class='ocrx_word' id='word_1_331' title='bbox 1267 2806 1412 2834; x_wconf 79' lang='lat' dir='ltr'>servata</span> <span class='ocrx_word' id='word_1_332' title='bbox 1433 2805 1489 2834; x_wconf 83' lang='lat' dir='ltr'>cst</span> <span class='ocrx_word' id='word_1_333' title='bbox 1510 2799 1547 2834; x_wconf 92' lang='lat' dir='ltr'>in</span> <span class='ocrx_word' id='word_1_334' title='bbox 1574 2800 1752 2846; x_wconf 83' lang='lat' dir='ltr'>antiquis-</span> 
     </span>
     <span class='ocr_line' id='line_1_38' title="bbox 236 2860 1751 2911; baseline 0.001 -14"><span class='ocrx_word' id='word_1_335' title='bbox 236 2862 330 2897; x_wconf 81' lang='lat' dir='ltr'>simo</span> <span class='ocrx_word' id='word_1_336' title='bbox 352 2860 543 2896; x_wconf 54' lang='lat' dir='ltr'>rEschinis</span> <span class='ocrx_word' id='word_1_337' title='bbox 571 2860 697 2896; x_wconf 86' lang='lat' dir='ltr'>codice</span> <span class='ocrx_word' id='word_1_338' title='bbox 720 2861 960 2900; x_wconf 74' lang='lat' dir='ltr'>Coisliniuno,</span> <span class='ocrx_word' id='word_1_339' title='bbox 983 2863 1018 2896; x_wconf 88' lang='lat' dir='ltr'>in</span> <span class='ocrx_word' id='word_1_340' title='bbox 1042 2863 1167 2909; x_wconf 61' lang='lat' dir='ltr'>glossa</span> <span class='ocrx_word' id='word_1_341' title='bbox 1193 2862 1504 2911; x_wconf 78' lang='lat' dir='ltr'>Harpocrationis</span> <span class='ocrx_word' id='word_1_342' title='bbox 1531 2863 1627 2910; x_wconf 86' lang='lat' dir='ltr'>apud</span> <span class='ocrx_word' id='word_1_343' title='bbox 1652 2863 1751 2899; x_wconf 81' lang='lat' dir='ltr'>Pho-</span> 
     </span>
     <span class='ocr_line' id='line_1_39' title="bbox 237 2925 1754 2975; baseline 0.002 -15"><span class='ocrx_word' id='word_1_344' title='bbox 237 2926 328 2961; x_wconf 84' lang='lat' dir='ltr'>tium</span> <span class='ocrx_word' id='word_1_345' title='bbox 350 2937 377 2960; x_wconf 87' lang='lat' dir='ltr'>s.</span> <span class='ocrx_word' id='word_1_346' title='bbox 400 2938 433 2959; x_wconf 79' lang='lat' dir='ltr'>v.</span> <span class='ocrx_word' id='word_1_347' title='bbox 455 2925 644 2970; x_wconf 79' lang='grc' dir='ltr'>Φιλάμμων,</span> <span class='ocrx_word' id='word_1_348' title='bbox 667 2930 703 2960; x_wconf 84' lang='lat' dir='ltr'>ct</span> <span class='ocrx_word' id='word_1_349' title='bbox 724 2926 955 2970; x_wconf 69' lang='grc' dir='ltr'>Φοιβάμμονος</span> <span class='ocrx_word' id='word_1_350' title='bbox 982 2926 1017 2961; x_wconf 86' lang='lat' dir='ltr'>in</span> <span class='ocrx_word' id='word_1_351' title='bbox 1049 2927 1175 2962; x_wconf 82' lang='lat' dir='ltr'>codice</span> <span class='ocrx_word' id='word_1_352' title='bbox 1199 2926 1368 2963; x_wconf 82' lang='lat' dir='ltr'>Parisino</span> <span class='ocrx_word' id='word_1_353' title='bbox 1389 2927 1501 2963; x_wconf 77' lang='lat' dir='ltr'>seculi</span> <span class='ocrx_word' id='word_1_354' title='bbox 1523 2927 1654 2963; x_wconf 83' lang='lat' dir='ltr'>decimi</span> <span class='ocrx_word' id='word_1_355' title='bbox 1679 2929 1754 2975; x_wconf 80' lang='lat' dir='ltr'>(ap.</span> 
     </span>
     <span class='ocr_line' id='line_1_40' title="bbox 238 2988 1333 3040; baseline 0.003 -16"><span class='ocrx_word' id='word_1_356' title='bbox 238 2988 424 3024; x_wconf 55' lang='lat' dir='ltr'>XValzinm</span> <span class='ocrx_word' id='word_1_357' title='bbox 449 3002 484 3038; x_wconf 71' lang='lat' dir='ltr'>p.</span> <span class='ocrx_word' id='word_1_358' title='bbox 507 2990 613 3035; x_wconf 79' lang='lat'>492.)</span> <span class='ocrx_word' id='word_1_359' title='bbox 637 2995 672 3025; x_wconf 81' lang='lat' dir='ltr'>ct</span> <span class='ocrx_word' id='word_1_360' title='bbox 693 2990 790 3036; x_wconf 77' lang='lat' dir='ltr'>apud</span> <span class='ocrx_word' id='word_1_361' title='bbox 813 2990 991 3025; x_wconf 71' lang='lat' dir='ltr'>Tzetzam</span> <span class='ocrx_word' id='word_1_362' title='bbox 1016 2990 1160 3026; x_wconf 68' lang='lat' dir='ltr'>Ilistor.</span> <span class='ocrx_word' id='word_1_363' title='bbox 1185 2991 1220 3031; x_wconf 65' lang='lat'>(5,</span> <span class='ocrx_word' id='word_1_364' title='bbox 1247 3003 1333 3040; x_wconf 73' lang='lat'>793.</span> 
     </span>
    </p>
   </div>
  </div>
 </body>
</html>
