1917 3183
681 119 1090 165 PRAEFATIO.
1600 122 1644 163 xi

129 240 334 298 quacitas
371 241 416 284 in
450 241 561 287 locis
594 243 931 294 communibus,
969 244 1014 286 in
1051 242 1328 287 declaranda
1360 248 1509 300 poetae
1542 257 1648 300 pru-

128 315 300 369 dentia,
327 318 412 362 etsi
443 317 705 378 vulgaribus
732 319 835 362 vitae
869 319 1028 363 usibus
1061 325 1109 363 et
1143 333 1278 363 sensu
1312 319 1547 362 communi
1583 319 1648 362 fa-

127 393 216 438 cile
248 395 562 452 assequenda;
599 394 793 440 eliciunt
818 402 865 439 et
901 395 1200 440 accumulant
1233 395 1384 440 ethica
1412 401 1460 439 et
1493 394 1649 439 rheto-

127 469 236 523 rica,
263 470 320 514 ad
347 486 448 529 quac
475 471 657 515 sinistro
673 471 855 530 judicio
881 477 1069 531 poetam
1095 472 1292 531 exigunt
1317 477 1365 516 et
1389 472 1646 524 aestimant;

126 560 314 591 sensum
339 562 531 606 poeseos
556 563 656 592 raro
678 548 834 592 videas
860 563 937 592 eos
961 548 1133 593 habere
1158 563 1168 600 3
1202 548 1433 593 rhetorico
1453 548 1647 592 artificio

127 623 312 681 poetica
343 624 604 668 metiuntur
635 631 684 669 et
714 626 977 677 aestimant3
1014 630 1117 668 tum
1154 640 1259 669 vero
1291 630 1569 683 argutantur
1599 625 1645 668 in

126 699 388 744 manifestis
418 716 470 744 ac
503 701 768 760 perspicuis,
806 701 952 746 nodos
983 706 1199 760 quaerunt
1235 702 1281 744 in
1314 701 1463 759 scirpo
1500 707 1548 744 et
1580 701 1649 744 in-

127 778 338 836 eptiunt:
377 779 463 822 etsi
499 779 805 837 interponunt
829 794 949 837 saepe
975 778 1110 823 utilia
1138 784 1187 823 et
1212 778 1347 822 valde
1385 778 1648 836 probanda.’

127 857 421 918 Quamquam
458 860 543 904 hoc
573 876 722 920 genus
755 875 847 905 non
880 876 907 904 a
935 860 1032 905 solo
1060 859 1316 919 Porphyrio
1341 861 1646 918 repetendum

127 940 212 985 est,
237 936 316 979 sed
353 935 492 995 longe
524 936 678 991 altius,
704 952 846 995 quum
882 937 1023 980 etiam
1051 935 1367 981 Antisthenes
1392 941 1440 979 et
1465 935 1649 981 Aristo-

127 1011 245 1056 teles
279 1012 398 1057 tales
433 1013 618 1074 ἀπορίας
653 1020 702 1058 et
739 1013 881 1061 λύσεις
918 1013 1194 1073 scripserint,
1236 1012 1327 1057 illis
1361 1013 1648 1072 temporibus

127 1088 400 1147 ingeniosas,
443 1089 576 1133 nobis
616 1105 952 1148 nonnunquam
1000 1089 1331 1142 submolestas3
1383 1090 1441 1133 de
1482 1089 1649 1148 quibus

126 1163 275 1209 multa
320 1180 440 1209 nova
479 1165 655 1225 praebet
697 1165 1081 1225 Hamburgensis.
1152 1166 1337 1210 Criticae
1384 1167 1649 1210 notationes

127 1241 271 1285 rarius
296 1241 456 1294 obviae,
481 1242 561 1285 sed
594 1242 718 1286 inter
747 1257 823 1286 eas
856 1242 1090 1286 nonnullae
1126 1243 1337 1302 egregiae.
1410 1241 1487 1286 Ad
1525 1242 1648 1286 locos

127 1317 404 1376 scriptorum
440 1318 564 1375 quod
604 1317 775 1361 attinet
809 1318 855 1361 in
891 1317 1075 1361 scholiis
1112 1317 1290 1369 citatos,
1324 1316 1474 1361 multa
1506 1318 1647 1362 etiam

126 1392 173 1436 in
210 1393 298 1438 hoc
332 1409 502 1454 genere
534 1409 654 1438 nova
677 1393 945 1438 afferuntur.
1017 1393 1256 1452 Exscripsi
1282 1409 1336 1438 ea
1365 1409 1467 1452 quae
1500 1393 1649 1438 Ham-

127 1469 347 1530 burgensi
381 1470 564 1530 propria
592 1476 712 1523 sunt,
743 1476 1003 1530 praeterque
1034 1470 1130 1515 haec
1163 1471 1198 1515 si
1231 1471 1352 1529 quod
1389 1471 1537 1515 critici
1569 1486 1649 1530 ge-

127 1545 250 1589 neris
280 1551 379 1589 erat
411 1552 492 1589 aut
528 1546 845 1605 fragmentum
880 1546 1113 1605 scriptoris
1145 1545 1324 1604 antiqui
1359 1544 1647 1597 laudabatur,

127 1621 331 1667 breviter
354 1622 456 1675 hoc,
481 1623 664 1667 etiamsi
700 1622 946 1682 legebatur
973 1621 1097 1681 apud
1124 1621 1482 1672 Buttmannum,
1509 1621 1649 1681 signi-

128 1698 360 1743 ficandum
402 1699 578 1757 putavi,
618 1699 779 1743 honori
811 1699 983 1743 codicis
1017 1699 1315 1757 prospiciens,
1352 1713 1461 1742 nam
1498 1697 1648 1742 solent

129 1774 242 1818 talia
266 1775 451 1819 scholiis
485 1775 690 1819 maxime
723 1775 847 1819 laudi
878 1790 990 1820 esse.
1064 1775 1279 1833 Denique
1305 1775 1341 1818 si
1366 1773 1647 1818 Buttmanni

130 1851 274 1895 editio
311 1867 369 1895 ex
410 1850 759 1910 Hamburgensi
797 1852 1032 1896 emendari
1070 1856 1267 1909 poterat,
1304 1851 1428 1909 quod
1467 1857 1648 1908 poterat

129 1943 466 1988 saepenumero,
491 1929 693 1973 saniores
730 1928 954 1974 lectiones
987 1929 1144 1987 paucis
1179 1928 1351 1972 notavi.
1424 1926 1557 1972 Vitia
1581 1932 1650 1971 ta—

129 2005 222 2049 cite
251 2004 415 2049 sustuli
452 2020 603 2063 neque
627 2010 681 2048 ut
705 2005 751 2048 in
778 2004 859 2049 tali
884 2004 1108 2064 scriptore
1133 2019 1282 2063 operae
1306 2004 1508 2063 pretium
1535 2004 1648 2047 duxi

129 2082 353 2127 lectiones
391 2090 551 2142 aperte
593 2084 838 2127 mendosas
884 2088 1110 2142 repetere,
1152 2082 1309 2141 paucis
1351 2081 1573 2140 exceptiS,
1612 2082 1648 2125 si

130 2174 232 2218 quae
264 2160 381 2203 acleo
405 2159 627 2203 mendose
662 2159 833 2217 scripta
864 2165 996 2203 erant
1029 2163 1081 2201 ut
1106 2157 1447 2217 desperandum
1472 2157 1650 2201 videre-

129 2241 206 2278 tur
247 2235 305 2279 de
354 2234 555 2280 lectione
597 2235 928 2286 emendatiore,
970 2241 1051 2278 aut
1092 2235 1128 2278 si
1170 2249 1277 2291 quae
1316 2233 1549 2277 faciebant
1590 2233 1647 2276 ad

130 2311 267 2354 crisin
293 2310 507 2355 locumve
533 2311 766 2369 scriptoris
790 2311 1010 2370 antiqui.”

198 2385 312 2431 Post
340 2386 598 2431 Prellerum
625 2402 711 2446 ego
734 2388 834 2446 ipse
859 2388 1067 2432 codicem
1089 2387 1498 2448 Hamburgensem
1525 2402 1650 2431 com-

129 2465 285 2524 paravi
311 2464 473 2509 eadem
501 2479 607 2523 quae
643 2480 791 2523 nuper
822 2464 912 2509 alio
937 2465 1039 2509 loco
1064 2465 1296 2509 laudanda
1325 2465 1438 2509 mihi
1473 2465 1565 2509 fuit
1598 2464 1651 2508 li-

130 2540 375 2585 beralitate
405 2555 675 2584 concessum
715 2556 742 2584 a
781 2541 1050 2592 Peterseno,
1087 2541 1306 2600 praefecto
1344 2541 1650 2585 Bibliothecae

131 2616 457 2668 eruditissimo,
505 2616 798 2675 plurimaque
839 2618 938 2661 erui
986 2633 1091 2676 quae
1139 2616 1371 2662 Prellerus
1417 2619 1649 2669 omiserat,

132 2707 275 2751 quum
313 2708 403 2737 non
435 2699 530 2738 tam
556 2693 800 2737 exhaurire
824 2694 996 2738 codicis
1019 2694 1174 2752 copias
1198 2709 1337 2752 quam
1362 2694 1517 2753 ampla
1540 2695 1650 2738 dare

131 2770 384 2828 specimina
408 2770 695 2828 propositum
720 2769 972 2822 habuisset,
998 2770 1206 2814 codicem
1231 2770 1385 2814 denuo
1411 2771 1651 2815 excutien-

132 2846 245 2889 dum
282 2846 439 2890 futuro
469 2846 747 2890 scholiorum
774 2846 939 2891 editori
976 2846 1240 2905 relinquens
1266 2845 1327 2905 (p.
1351 2847 1432 2904 4.).
1494 2846 1648 2898 Quem

133 2920 339 2965 laborem
376 2923 568 2967 minime
608 2923 824 2967 inutilem
864 2923 1004 2967 fuisse
1037 2923 1361 2967 annotationes
1401 2928 1565 2965 nostrae
1601 2927 1648 2964 et
