1917 3183
210 110 238 138 x
765 89 1170 137 PRAEFATIO.

210 215 333 273 quod
367 214 550 264 attinet,
578 212 732 271 paucis
765 210 1048 269 praefaudum
1086 209 1141 251 de
1176 207 1390 251 universa
1425 221 1583 251 eorum
1617 221 1724 250 con-

210 290 399 334 ditione.
471 287 581 331 Alia
613 292 721 331 sunt
753 285 1081 336 interlinearia‚
1112 299 1212 342 quae
1246 290 1404 328 tamen
1437 297 1585 341 pauca
1616 288 1725 326 sunt

211 371 259 409 et
295 364 357 408 nil
399 364 482 407 nisi
521 362 695 422 glossae,
736 361 936 420 plurima
974 366 1082 404 sunt
1119 361 1163 403 in
1204 359 1502 419 marginibus.
1575 357 1724 402 Modo

210 440 367 484 omnia
398 439 452 482 iis
487 437 680 496 implet-a
712 443 831 489 sunt,
863 437 1003 480 modo
1037 441 1289 480 rarescunt.
1363 435 1527 480 Lectio
1563 448 1722 478 eorum

210 513 492 574 perdifficilis
525 522 596 557 est
629 519 678 558 et
711 519 899 572 propter
923 512 1198 571 scripturam
1235 511 1449 554 omnibus
1485 510 1723 554 literarum

208 590 495 649 compendiis
528 590 820 647 frequentem
854 595 902 632 et
938 587 1097 631 multis
1134 587 1245 631 locis
1278 586 1549 631 mendosam
1583 591 1725 643 atque

204 665 482 717 lacunosam.
507 670 554 709 et
587 670 774 723 propter
797 665 841 708 id
868 664 991 722 quod
1027 663 1242 707 foliorum
1275 662 1600 707 extremitates
1635 677 1721 706 usu

207 749 347 801 atquc
375 748 605 786 vetustate
633 741 802 785 attritae
831 746 938 784 sunt
963 745 1011 783 et
1037 739 1224 783 madore
1257 739 1605 797 chartaceisque
1640 738 1728 782 fas-

210 819 290 862 ciis
316 819 480 876 passim
509 817 851 877 superinductis
875 815 1070 859 affectae.
1144 814 1311 858 Primis
1341 814 1521 873 paginis
1554 813 1729 858 scholia

209 897 490 955 respondent
533 895 700 945 textui,
740 893 910 939 deinde
950 893 1015 936 ita
1056 891 1298 945 dissident,
1342 898 1395 934 ut
1433 892 1510 949 qui
1554 891 1642 935 hoc
1681 892 1727 934 in

210 987 392 1030 quaque
426 972 592 1030 pagina
624 971 923 1015 continentur
948 982 1118 1019 versus,
1145 968 1297 1012 eidem
1323 982 1350 1010 a
1374 966 1559 1010 scholiis
1588 966 1729 1025 pluri-

209 1048 294 1091 bus
327 1048 504 1106 paginis
528 1053 637 1091 ante
672 1046 858 1091 tractari
884 1045 1092 1097 soleant3
1129 1044 1316 1088 tametsi
1351 1058 1491 1087 manu
1526 1043 1624 1087 fere
1656 1058 1730 1087 ea-

210 1123 317 1168 dem
343 1124 512 1182 scripta
537 1130 645 1168 sunt
678 1123 852 1168 scholia
885 1128 1026 1180 atque
1054 1126 1229 1165 textus.
1301 1119 1378 1164 Sic
1403 1125 1474 1164 est
1498 1134 1645 1178 usque
1670 1120 1727 1163 ad

209 1215 251 1258 p.
280 1212 382 1259 151.
410 1200 489 1243 ubi
526 1215 708 1258 prorsus
745 1214 919 1243 novum
953 1197 1234 1243 scholiorum
1270 1211 1419 1256 genus
1455 1197 1631 1255 incipit,
1669 1211 1728 1241 ex

211 1275 447 1320 Eustathii
474 1276 819 1320 commentariis
854 1275 1020 1334 passim
1057 1273 1356 1332 exscriptum,
1382 1273 1564 1316 novicia
1586 1288 1728 1317 manu

210 1352 434 1403 additum,
468 1352 604 1396 credo
640 1359 744 1411 post
777 1357 959 1396 renatas
993 1350 1182 1402 litteras,
1223 1348 1352 1393 velut
1387 1349 1508 1408 apud
1545 1348 1727 1393 Maium

211 1428 345 1473 Iliad.
364 1428 580 1472 Ambros.
607 1428 729 1487 praef.
750 1443 794 1487 p.
812 1442 889 1484 44.
915 1433 1202 1472 memoratur
1217 1426 1366 1471 codex
1388 1424 1611 1486 Odysseae
1627 1440 1727 1470 saec.

218 1504 289 1556 16,
314 1504 651 1563 autographum
689 1504 847 1548 Basilii
874 1502 1216 1562 Chalcondylae,
1242 1503 1320 1561 qui
1357 1502 1469 1546 item
1507 1508 1729 1562 excerpta

211 1592 269 1621 ex
296 1576 545 1622 Eustathio
570 1578 627 1622 ad
654 1579 884 1638 margines
902 1579 1106 1637 priorum
1124 1577 1347 1621 librorum
1367 1578 1589 1622 enotavit.
1650 1576 1729 1621 Ab

210 1654 469 1698 recentiore
496 1653 670 1699 lectore
696 1655 782 1699 ista
806 1655 991 1713 adjecta
1016 1669 1116 1699 esse
1141 1653 1215 1698 vel
1235 1669 1294 1698 ex
1320 1654 1545 1713 scriptura
1569 1669 1730 1699 cernas

210 1729 282 1774 vel
308 1745 367 1773 ex
397 1730 498 1782 hoc,
525 1731 647 1789 quod
681 1747 724 1790 p.
757 1744 839 1790 151
871 1746 967 1790 sqq.
999 1737 1221 1790 excerpta
1245 1746 1303 1775 ex
1330 1730 1583 1775 Eustathio
1615 1746 1730 1776 non-

209 1806 294 1850 nisi
331 1807 478 1864 spatia
501 1807 558 1851 ab
582 1808 921 1866 antiquioribus
952 1808 1051 1852 istis
1076 1807 1261 1852 scholiis
1297 1807 1461 1852 relicta
1484 1814 1729 1868 occupant.

209 1880 332 1926 1&on
369 1898 477 1927 vero
514 1882 610 1927 haec
642 1898 827 1942 prorsus
860 1884 1100 1935 deficiunt,
1133 1883 1213 1927 illa
1242 1884 1379 1928 unice
1414 1884 1728 1929 dominantur.

210 1957 496 2017 Antiquiora
532 1960 737 2004 maxime
780 1960 1046 2018 conspirant
1085 1975 1190 2003 cum
1240 1960 1373 2004 codd.
1407 1959 1731 2004 Ambrosianis

211 2034 268 2088 Q.
288 2035 416 2080 E.B.
459 2043 508 2080 et
555 2051 661 2080 cum
711 2034 952 2088 Palatin03
989 2051 1139 2095 neque
1187 2052 1277 2081 non
1326 2052 1433 2080 cum
1475 2037 1730 2082 minoribus

211 2112 396 2156 scholiis
437 2111 588 2157 multa
629 2113 896 2157 communia
933 2112 1121 2156 habent.
1193 2112 1286 2157 Sed
1328 2128 1433 2157 cum
1475 2114 1521 2156 in
1564 2114 1730 2158 ceteris

210 2189 434 2234 nonnulla
493 2190 676 2248 propria
722 2187 1065 2249 Hamburgensi
1124 2189 1230 2239 sint,
1279 2196 1381 2233 tum
1428 2190 1633 2234 maxime
1682 2192 1727 2234 in

210 2266 466 2324 rhapsodiis
503 2265 558 2309 Θ.
581 2265 616 2309 Ι.
636 2264 695 2309 Κ.
732 2265 871 2325 longe
907 2266 981 2310 hic
1013 2265 1201 2324 reliquis
1228 2266 1413 2310 uberior
1437 2272 1521 2310 est.
1592 2266 1730 2312 Cete-

210 2356 312 2385 rum
345 2342 546 2400 plurima
579 2357 693 2401 pars,
720 2349 773 2385 ut
806 2341 926 2386 solet
959 2357 1057 2386 esse
1089 2343 1137 2385 in
1164 2341 1384 2400 Odyssea,
1412 2342 1510 2400 ejus
1544 2344 1729 2402 generis

211 2423 297 2470 est,
323 2418 445 2476 quod
481 2418 526 2461 in
561 2419 828 2462 universum
862 2424 972 2477 apte
996 2417 1217 2476 exprimit
1244 2416 1454 2476 Heynius
1480 2418 1613 2462 Iliad.
1639 2419 1728 2463 vol.

212 2508 255 2553 3.
284 2492 420 2537 Praef.
462 2510 502 2553 p.
525 2496 615 2538 61:
655 2500 664 2517 ‘
684 2494 838 2538 Etiam
876 2494 973 2538 haec
1010 2493 1290 2538 scholiorum
1330 2493 1484 2538 classis
1514 2495 1730 2552 antiquos

211 2570 538 2628 grammaticos
574 2570 716 2614 habet
750 2576 977 2622 auctores,
1016 2585 1107 2613 nou
1144 2585 1252 2613 vero
1285 2570 1480 2621 criticos,
1519 2570 1596 2614 sed
1631 2573 1729 2629 ejus

212 2652 362 2697 sectae,
387 2661 488 2703 quae
519 2646 566 2690 in
590 2646 923 2705 quaestionibus
953 2652 1001 2690 et
1027 2646 1416 2704 disputationibus
1442 2653 1620 2690 versata
1645 2653 1728 2699 est,

212 2721 323 2779 quid
359 2722 404 2765 in
440 2729 588 2780 poetae
624 2723 964 2768 narrationibus
999 2737 1051 2766 ac
1088 2722 1333 2766 sententiis
1365 2721 1572 2766 notabile
1608 2730 1729 2768 esset

212 2797 286 2842 vel
316 2799 672 2856 reprehensione
700 2806 781 2844 aut
809 2799 1078 2843 defensione
1104 2799 1326 2858 dignum:
1364 2799 1409 2841 in
1441 2798 1526 2843 hoc
1558 2814 1729 2858 genere

212 2880 377 2933 regnat
403 2872 698 2934 Porphyrius.
768 2874 1081 2920 Intolerabilis
1110 2874 1273 2918 horum
1303 2874 1543 2918 hominum
1571 2882 1640 2920 est
1665 2875 1730 2920 lo-
