1907 3270
698 118 1109 165 PRAEFATIO.
1600 119 1668 163 lix

143 230 266 289 quod
291 230 537 276 Cramerus
562 246 621 275 ex
650 229 712 274 H.
738 233 960 285 enotavit,
988 234 1283 278 referendum
1310 234 1367 278 ad
1394 233 1474 279 lin.
1498 250 1564 293 23.
1589 233 1670 278 ubi

139 306 316 367 ἵφικλος
340 314 411 352 est
437 308 483 351 in
510 307 584 360 Q„
611 307 688 351 sed
716 307 738 350 ὁ
767 308 940 368 ι’φικλῆς
965 310 1011 352 in
1041 308 1102 353 H.
1313 327 1376 366 19.
1403 310 1517 355 Post
1541 309 1673 353 ἀπαι-

139 387 270 434 τῆσαι
297 383 476 442 aliquot
501 383 739 428 literarum
768 383 933 429 lacuna
959 392 1029 429 est
1053 386 1099 428 in
1130 384 1190 427 H.

207 458 259 504 P.
279 477 376 519 501,
399 478 437 518 9.
464 463 485 512 ἡ
511 459 839 522 δὲ-νεωτέροις
865 477 955 505 om.
982 463 1125 506 etiam
1155 461 1217 506 H.

209 537 261 581 P.
287 554 385 595 502,
413 554 479 582 21.
504 536 810 589 ἐν”Αιδου-νῖ
845 538 1089 596 σύγκρισις]
1133 539 1173 582 ἐν
1206 537 1326 582 ἅιὸου
1345 541 1439 589 ἤτοι
1563 538 1673 597 σύγ-

138 632 275 674 κρισις
311 620 400 658 etc.
428 613 490 658 H.
516 629 623 658 cum
653 614 832 659 lacuna.

205 689 261 734 P.
281 705 380 748 505,
404 694 442 734 8.
468 690 659 751 ἔρχεται,
686 699 739 734 ut
764 690 951 735 Buttm.
978 692 1241 750 conjecerat
1267 706 1349 750 pro
1374 692 1573 749 λέγεται,
1600 696 1671 735 est

137 769 186 812 in
213 765 267 813 Ο.

206 842 258 888 P.
279 849 376 902 506,
400 860 436 889 2.
461 844 590 894 μίτου
614 842 669 889 Ο.
697 852 749 888 ut
776 844 973 896 Buttm„
1000 859 1091 888 non
1116 845 1291 896 μίλτου.

206 919 259 966 Ρ.
279 936 377 980 507,
402 938 465 979 13.
494 919 739 983 Εὐρυάλης]
776 920 917 965 Adde
943 937 1001 965 ex
1031 920 1092 966 H.
1129 920 1221 974 ἥτις
1251 920 1436 980 Φυλάκᾳ)
1470 928 1533 981 τῷ
1567 922 1673 976 Δηΐ-

140 1018 233 1046 ονος
258 1000 505 1057 γαμηθεῖσα
531 999 670 1042 ἔτεκεν
682 997 907 1060 Ἴφικλον.
1097 1012 1164 1056 25.
1192 997 1393 1057 Δηΐονος]
1427 998 1588 1052 ὃηιόνος
1613 997 1668 1044 Ο.

206 1073 258 1119 Ρ.
284 1080 382 1133 508,
403 1093 444 1134 3.
470 1075 768 1133 ὡμολόγησαν
794 1074 917 1119 male
942 1089 1166 1118 excusum
1192 1090 1274 1134 pro
1300 1075 1601 1135 ὡμολόγησεν.

205 1150 258 1196 Ρ.
278 1166 376 1210 509,
402 1166 464 1209 17.
494 1151 599 1196 Hoc
625 1151 832 1196 scholion
858 1150 1000 1195 habet
1027 1150 1088 1195 H.

204 1226 258 1274 P.
277 1243 377 1287 510,
402 1232 466 1272 18.
494 1228 548 1272 In
579 1227 641 1273 H.
667 1229 906 1287 Scriptum,
927 1225 1058 1275 οὕτως
1077 1226 1352 1289 ἆρίσταρχος
1375 1226 1619 1291 ζηνόόοτος.
1645 1230 1668 1273 ὁ

138 1304 181 1350 δὲ
206 1306 481 1368 ἀρίσταρχος
504 1304 710 1356 πολλούς,
738 1304 895 1348 deleto
921 1303 1195 1365 ἆρίσταρχος
1219 1312 1330 1350 ante
1357 1303 1603 1368 ζηνόὸοτος.

204 1381 258 1427 Ρ.
278 1397 375 1440 511,
397 1387 435 1426 6.
461 1381 554 1438 μὲν]
585 1381 660 1434 μὲν
683 1381 750 1425 καὶ
781 1380 842 1424 Η.
1134 1398 1197 1425 12.
1226 1383 1247 1432 ἡ
1274 1397 1497 1426 excusum
1526 1398 1607 1442 pro
1632 1386 1669 1434 ἦ.

139 1459 376 1504 Numeros
412 1459 794 1504 annotationibus
830 1458 1041 1518 praefixos
1072 1473 1136 1516 15.
1167 1464 1230 1502 16.
1261 1475 1328 1504 20.
1355 1466 1487 1504 muta
1524 1460 1572 1504 in
1604 1465 1668 1504 16.

141 1550 205 1593 17.
235 1553 301 1580 21.

202 1611 255 1658 P.
275 1618 372 1671 516,
398 1630 438 1667 4.
464 1612 755 1668 σημαινομένῳ
781 1613 960 1656 correxi
986 1627 1068 1670 pro
1094 1612 1295 1663 σημαίνω.

203 1688 256 1734 Ρ.
277 1706 374 1748 519,
403 1693 469 1735 28.
495 1687 651 1733 ἔδοσαν
675 1689 820 1732 etiam
847 1686 901 1733 Ο.

204 1766 258 1810 Ρ.
283 1780 380 1824 520,
408 1782 476 1810 20.
513 1786 557 1808 κε
589 1765 768 1809 correxi
799 1780 880 1823 pro
911 1764 992 1815 καὶ,
1020 1765 1144 1823 quod
1180 1764 1350 1808 usitato
1386 1767 1665 1824 compendio

136 1844 360 1902 seriptum
387 1843 434 1886 in
461 1841 523 1886 H.

204 1918 257 1962 P.
283 1924 380 1977 528,
406 1936 469 1975 14.
491 1918 731 1963 Ύπόθεο-ιν
750 1919 927 1963 habent
954 1918 1086 1963 H.O.
1139 1919 1192 1962 In
1222 1919 1284 1962 H.
1310 1918 1488 1977 incipit,
1516 1920 1537 1969 ἡ
1563 1918 1667 1962 ὑπό-

137 1998 251 2043 θεσις
274 2001 350 2048 τῆς
372 1999 428 2048 μῦ
451 1996 539 2057 ἔχει
566 1993 699 2044 οὕτως
725 1997 775 2044 ὡς
799 1994 878 2043 τὰς
905 1995 1108 2056 Σειρῆνας
1133 2002 1222 2040 etc.

202 2070 255 2117 P.
280 2086 377 2131 530,
404 2078 444 2117 6.
481 2071 559 2117 τὸν
584 2075 794 2117 ποιοῦντα
824 2070 883 2117 τὰ
908 2069 1084 2133 ἐρυθρὰ]
1128 2071 1206 2116 τὸν
1232 2075 1440 2116 ποιοῦντα
1466 2071 1665 2133 ἐρυθροὺς

139 2147 202 2191 Η.
228 2156 370 2193 recte.

203 2225 257 2269 P.
290 2241 389 2283 531,
420 2243 461 2280 4.
503 2224 598 2269 ἀντὶ
633 2225 812 2270 correxi
850 2240 931 2284 pro
969 2225 1052 2269 ἐπί.
1260 2242 1325 2270 20.
1372 2221 1652 2286 Πορθάονος]

136 2298 383 2362 πορθάονας
410 2300 471 2344 Η.
677 2318 746 2359 29.
783 2305 863 2345 τοῦ
889 2302 979 2363 σφ]
1024 2302 1100 2346 Sic
1126 2301 1203 2353 Η.,
1230 2317 1322 2346 non
1358 2306 1434 2354 τῆς
1470 2304 1575 2363 σφῶ
1614 2307 1666 2345 ut

137 2377 398 2423 Cramerus.

204 2454 258 2498 P.
282 2470 379 2513 532,
407 2459 445 2499 8.
482 2455 829 2515 περισπωμένως]
875 2454 1025 2499 Recte
1061 2454 1483 2516 προπερισπωμένως
1518 2455 1565 2498 in
1601 2453 1663 2497 H.

138 2531 271 2576 Idem
297 2546 387 2575 om.
413 2534 504 2575 τοῦ.

203 2606 256 2652 Ρ.
282 2622 378 2666 533,
408 2622 445 2664 7.
475 2607 712 2666 γινομένης]
753 2608 994 2666 ’γεινομένης
1020 2607 1083 2652 Η.
1289 2611 1326 2650 8.
1362 2605 1478 2650 Post
1503 2609 1665 2649 καπνοῦ

135 2685 290 2745 pergit
310 2684 373 2729 H.
414 2685 598 2746 φέρουσι
621 2683 664 2728 δὲ
681 2685 966 2747 τροφὴν-ἐν
986 2684 1156 2747 φαίδρῳ
1180 2683 1246 2729 δία
1273 2685 1409 2746 φησίν
1426 2682 1663 2729 ἰ-ἕῖλλως,

135 2760 511 2821 ἔδει-ἀμβροσία
530 2760 863 2822 ῐ-ἆμβροσιάν
888 2760 949 2806 ὃιῗ
967 2761 1131 2823 πατρί;
1170 2764 1265 2813 ἤτοι
1298 2758 1663 2820 μυθικῶς-ἅρμα

136 2837 293 2881 ἐλαύνει
313 2852 388 2882 :—-
598 2854 660 2892 14.
696 2841 758 2895 τῷ
788 2853 878 2883 om.
909 2837 970 2881 H.
998 2838 1099 2882 loco
1127 2837 1288 2882 altero.
1492 2834 1537 2878 ὃν
1571 2848 1661 2877 om.

139 2912 202 2956 H.
229 2913 330 2958 loco
357 2914 520 2972 priore,
547 2914 626 2959 sed
654 2913 793 2959 habet
820 2914 980 2959 altero.
1180 2930 1245 2958 21.
1273 2912 1367 2966 τὴν]
1401 2911 1561 2955 Scribe
1586 2908 1663 2960 τὴν

138 2989 226 3052 γὰρ
253 3006 312 3035 ΘΧ
339 2989 401 3035 Η.
