1907 3270
191 115 269 158 xvi
747 111 1157 159 PRAEFATIO.

192 232 460 285 Homerum,
486 248 647 295 ina-qno
670 232 925 293 adjumento
942 238 1132 294 propter
1155 231 1424 285 brevitatem,
1450 238 1490 277 et
1513 231 1711 277 hominis

192 310 501 355 auctoritatem
529 308 745 354 studiosi-s·
773 308 854 354 hoc
873 308 1107 370 fictm'um.
1177 308 1272 356 Sed
1295 308 1415 370 quod
1443 324 1493 354 eo
1518 315 1713 369 tempore

192 401 282 429 mm
315 385 456 445 potui,
483 384 657 430 tandem
692 401 789 430 sum
825 391 1110 431 consecutas.-
1149 401 1253 431 nam
1280 386 1326 430 in
1357 401 1408 430 ea
1439 401 1489 431 re
1512 386 1713 447 sumptui

192 460 276 505 ulli
301 462 497 520 (corrige
522 459 656 520 malli)
675 461 889 521 peperci:
928 468 969 506 et
997 461 1059 506 aa'
1089 463 1289 507 omnium
1322 461 1559 507 utilitatem
1593 477 1713 506 mmo

184 537 426 598 publicari.
475 553 562 598 (saa
601 539 648 583 in
682 554 729 583 rc
764 545 811 583 ut
845 538 986 584 malta
1015 555 1043 583 a
1075 538 1200 584 nobis
1235 540 1544 599 requirantur,
1581 538 1714 584 indu-

190 615 305 660 stria
332 621 446 660 certe
470 621 509 660 et
534 614 815 660 inco-edibilis
835 615 1060 676 cupiditas
1079 632 1166 665 vos,
1182 631 1270 669 vos,
1288 617 1487 677 inquam,
1498 614 1712 675 jurandi,

192 692 270 753 (μα’
321 691 448 737 bonis
500 691 664 737 litteris
710 691 852 737 dediti
903 693 1022 746 estis,
1070 708 1301 754 nunquam
1355 692 1712 751 desyderabz'tar.

205 767 352 814 Vale.”
411 768 599 814 Scholia
621 770 720 828 ipsa
743 770 1055 814 consideranti
1085 785 1177 814 non
1210 776 1368 829 potest
1393 770 1586 814 dubium
1613 785 1714 815 esse

192 845 304 903 quin
337 860 397 890 ex
430 844 600 904 triplici
635 846 1076 890 commentariorum
1110 860 1283 905 genere
1315 846 1572 904 composita
1607 846 1713 907 sint,

193 922 240 964 in
266 922 434 980 quibus
459 927 512 966 ut
535 923 826 981 reperiant-ur
850 937 952 980 quae
977 937 1034 966 ex
1062 921 1255 982 Didymi
1280 922 1480 983 ἐξηγήσει
1507 922 1716 966 derivata

193 998 300 1051 sint,
325 998 461 1057 longe
487 998 685 1056 plurima
710 1004 866 1042 tamen
897 998 1013 1042 alius
1037 1000 1219 1058 generis
1244 1013 1343 1043 esse
1368 1004 1512 1058 patet.
1584 997 1716 1042 Inter

192 1074 295 1119 haec
329 1075 532 1133 primum
568 1075 700 1133 copia
735 1090 818 1119 sua
850 1074 1005 1120 locum
1040 1082 1268 1134 occupant
1300 1082 1457 1120 vetera
1489 1075 1536 1118 in
1567 1074 1717 1134 Odys-

192 1165 317 1194 seam
354 1150 646 1210 glossemata,
672 1150 840 1195 similia
875 1151 1165 1210 glossematis
1200 1152 1247 1195 in
1276 1151 1486 1204 Iliadem,
1518 1166 1716 1210 quorum

195 1228 370 1272 fontem
399 1227 773 1286 antiquissimum
801 1243 924 1272 nunc
948 1228 1172 1273 habemus
1191 1229 1399 1273 codicem
1419 1228 1716 1273 Marcianum

193 1321 291 1361 454.
362 1304 476 1357 Qua>
511 1304 849 1356 annotationes,
883 1304 970 1349 etsi
999 1319 1118 1362 saepe
1154 1304 1367 1363 pueriles,
1398 1310 1555 1349 tamon
1591 1304 1716 1349 utili-

194 1388 292 1425 tate
317 1396 398 1424 sua
421 1396 513 1425 non
540 1387 710 1433 carent,
737 1381 833 1425 sive
862 1381 1270 1440 interpretationes
1302 1383 1420 1440 ipsas
1453 1387 1717 1440 spectamus

195 1457 290 1501 sive
313 1458 644 1516 antiquiorum,
670 1473 775 1516 quae
801 1473 920 1516 saepe
945 1458 993 1502 iu
1027 1458 1082 1502 iis
1107 1463 1288 1502 servata
1312 1465 1432 1509 sunt,
1459 1458 1716 1503 lectionum

194 1534 388 1578 indicia:
428 1540 480 1578 ut
505 1549 654 1593 operae
691 1536 895 1593 pretium
923 1535 1134 1579 videatur
1158 1541 1316 1579 vetera
1342 1535 1438 1579 heec
1463 1536 1509 1578 in
1535 1541 1717 1578 utrum-

194 1625 285 1668 que
310 1625 497 1654 carmen
529 1610 810 1670 glossemata
838 1611 1057 1670 colligere
1083 1618 1131 1655 et
1155 1611 1211 1655 ad
1239 1611 1548 1655 vetustiorum
1581 1610 1719 1654 libro-

193 1701 294 1729 rum
332 1686 659 1730 auctoritatem
696 1701 924 1737 revocare,
958 1686 1159 1730 exclusis
1189 1702 1290 1744 quae
1326 1687 1372 1730 in
1409 1687 1718 1745 posteriorum

193 1768 458 1820 temporum
484 1762 724 1807 codicibus
749 1767 1044 1807 accesserunt
1070 1761 1355 1821 Byzantinis.
1408 1762 1605 1806 Interim
1631 1777 1718 1822 ego

193 1841 241 1883 iu
268 1838 488 1897 Odyssea,
517 1838 794 1883 Buttmanni
820 1838 1088 1897 exemplum
1121 1845 1323 1891 secutuS,
1352 1853 1406 1882 ea
1428 1844 1613 1882 tantum
1640 1854 1719 1897 ap-

195 1916 324 1973 posui
362 1930 463 1973 quae
492 1915 565 1959 vel
603 1930 707 1958 cum
750 1915 934 1959 scholiis
970 1915 1316 1972 quodammodo
1360 1915 1609 1972 conjuncta
1643 1914 1718 1959 vel

195 1991 295 2035 aliis
321 1991 378 2034 de
403 1991 573 2035 caussis
597 1995 860 2035 memoratu
886 1990 1025 2049 digna
1049 1995 1217 2034 essent.
1283 1989 1551 2033 Secundum
1579 2004 1718 2033 anno-

196 2067 427 2110 tationum
452 2082 511 2111 ex
532 2066 698 2124 quibus
723 2065 898 2110 scholia
916 2065 1125 2124 Vulgata
1149 2066 1405 2124 composita
1430 2071 1539 2109 sunt
1570 2080 1718 2125 genus

196 2149 419 2201 excerpta
443 2143 654 2187 continet
679 2158 738 2186 ex
763 2141 949 2187 scholiis
980 2142 1184 2199 antiquis
1207 2142 1520 2200 amplioribus,
1545 2142 1591 2184 in
1617 2142 1716 2199 qui-

196 2219 281 2263 bus
313 2220 724 2279 grammaticorum
750 2218 1178 2263 Alexandrinorum
1212 2218 1271 2261 de
1305 2218 1541 2276 scripturae
1566 2217 1714 2261 diver-

196 2296 333 2339 sitate
379 2295 721 2352 verborumque
775 2293 1157 2352 interpretatione
1205 2294 1446 2351 opiniones
1493 2295 1714 2352 cxpositae

196 2371 401 2423 fuerunt,
427 2369 575 2414 multo
601 2370 792 2428 quidem
829 2368 907 2413 illa
940 2375 987 2412 et
1017 2369 1234 2427 pauciora
1263 2375 1311 2413 et
1345 2370 1553 2414 breviora
1577 2383 1716 2427 quam

196 2448 243 2491 in
273 2447 510 2491 codicibus
537 2445 788 2490 Harleiano
814 2451 861 2489 et
890 2444 1131 2488 Marciano
1158 2449 1268 2502 613„
1296 2446 1374 2489 sed
1410 2460 1502 2489 non
1535 2445 1717 2490 inutilia

196 2524 253 2567 ad
296 2523 480 2566 illorum
523 2522 736 2566 codicum
780 2521 952 2566 scholia
988 2520 1060 2564 vel
1104 2521 1430 2579 locupletanda
1466 2520 1536 2565 vel
1577 2522 1716 2565 corri-

195 2599 361 2658 genda.
438 2599 594 2645 Tertia
629 2598 832 2656 denique
869 2612 1015 2655 eaque
1051 2597 1255 2641 maxime
1292 2597 1605 2642 memorabilis
1638 2612 1718 2641 an-

198 2676 494 2719 notationum
520 2674 674 2719 classis
699 2673 853 2733 ampla
878 2674 1207 2733 complectitur
1231 2689 1290 2719 ex
1316 2674 1550 2718 veteribus
1574 2674 1715 2718 histo-

197 2751 301 2795 ricis
325 2750 681 2810 fabularumque
707 2750 1007 2809 scriptoribus
1032 2758 1254 2809 excerpta
1280 2752 1323 2794 in
1350 2749 1533 2794 scholiis
1555 2750 1610 2794 ad
1638 2764 1718 2794 sex

198 2827 488 2886 potissimum
520 2826 785 2885 rhapsodias
812 2825 1032 2882 (Λ-Π),
1060 2842 1161 2884 quac
1186 2827 1242 2870 ab
1270 2841 1360 2870 uno
1387 2827 1542 2870 omnia
1565 2840 1719 2885 gram-

198 2905 368 2949 matico
395 2906 515 2949 facta
542 2920 639 2949 csse
674 2905 768 2962 ipsa
801 2919 960 2948 eorum
993 2903 1246 2949 similitudo
1274 2904 1409 2949 (locet
1445 2919 1586 2962 prope
1612 2919 1718 2948 con-
