1907 3270
682 129 1085 176 PRAEFATIO.
1554 148 1649 176 xxv

123 257 183 286 rae
208 244 410 301 pretium
436 258 536 287 esse
570 242 821 287 multarum
854 244 1126 302 paginarum
1153 244 1396 303 dispendio
1422 251 1648 304 repetere,

123 317 374 363 lectoribus
399 320 443 363 in
467 319 750 363 editionibus
770 318 946 363 Aldina
963 319 1034 363 vel
1054 319 1401 365 Basileensibus
1427 321 1648 381 legendas

122 394 452 453 relinquimus:
490 411 596 439 nam
637 394 887 439 Barnesius
925 410 1002 439 eas
1043 411 1147 439 cum
1190 412 1376 441 suorum
1423 396 1645 442 librorum

121 470 306 516 scholiis
331 478 377 515 et
402 472 694 531 glossematis
719 471 890 516 mixtas
915 471 1144 516 exhibuit.

861 609 910 654 Γ.

188 697 304 743 Inde
340 698 398 742 ab
435 698 680 756 rliapsodia
717 698 856 741 tertia
898 697 1116 742 editionis
1152 696 1340 743 Aldinae
1378 700 1435 743 ad
1476 699 1645 746 librum

122 775 431 819 Bodleianum
480 774 594 818 ratio
634 789 787 818 rursus
837 775 1000 818 eadem
1046 780 1117 818 est
1159 790 1265 833 quae
1305 776 1352 819 in
1400 776 1646 836 rhapsodia

119 852 291 910 prima:
329 852 455 896 unde
480 851 593 896 levis
619 856 803 894 tantum
829 851 1069 909 scripturae
1093 851 1400 913 discrepantia
1426 860 1510 897 est.

187 946 223 972 2.
250 928 422 987 Φαεῖνῃ.
460 927 605 989 φαίνῃ,
631 924 783 986 λα’μπῃ
811 926 870 971 O.
898 927 976 970 ubi
1001 924 1168 986 λάμψῃ
1192 927 1253 972 A.
1435 946 1474 987 3.
1504 928 1646 992 ζείδω-

116 1026 206 1066 ρον.
249 1006 326 1057 τὴν
345 1004 399 1049 τὸ
420 1002 493 1066 ζῆν
509 1003 766 1066 δωρουμένην
783 1003 838 1047 O.
892 1001 1103 1065 ζείδωρον.
1146 1004 1223 1056 τὴν
1239 1002 1297 1048 τὰ
1316 1004 1425 1066 πρὸς
1446 1004 1552 1067 ζωὴν
1569 1005 1645 1051 δω-

115 1083 316 1144 ρουμένην
341 1082 402 1126 A.
558 1088 596 1125 6.
633 1082 907 1142 κυανοχαίτῃ.
956 1082 1318 1143 μελανότριχιΟ.
1368 1085 1643 1145 κυανοχαίτῃ.

116 1162 419 1222 μελανοχρῶτι
441 1158 500 1203 Α.
658 1175 722 1216 23.
750 1164 975 1202 πυκινοῖσι.
1014 1166 1214 1212 συνετοῖς,
1235 1161 1466 1222 σώφροσιν
1485 1160 1542 1205 Ο.
1564 1162 1643 1207 ubi

117 1236 176 1282 A.
194 1237 242 1281 in
262 1237 484 1281 lemmate
514 1234 862 1280 ΙΙΥΚΝΟΙΣΙ.
1001 1241 1069 1293 65.
1089 1241 1150 1294 (p.
1172 1253 1264 1291 124,
1287 1240 1372 1297 14.)
1389 1238 1541 1299 ἔξωθεν
1559 1242 1644 1284 τῶν

117 1313 175 1359 Ο.
222 1316 306 1358 τῶν
324 1314 476 1375 ἔξωθεν
499 1316 584 1357 τῶν
608 1312 668 1356 A.
848 1328 913 1370 73.
940 1312 1061 1374 ὑπεὶρ
1086 1310 1188 1357 ἅλα.
1236 1312 1348 1359 κατὰ
1372 1315 1449 1367 τὴν
1475 1313 1645 1360 Θάλασ-

116 1412 198 1436 σαν
222 1391 279 1436 O.
319 1389 504 1433 ΥΠΕΡ
528 1398 617 1435 etc.
643 1389 703 1434 A.
875 1393 942 1436 82.
982 1390 1027 1433 οὗ
1064 1389 1221 1441 δήμιος.
1271 1391 1317 1434 οὐ
1355 1390 1541 1444 δημοσία
1579 1392 1640 1438 Α.

118 1468 386 1527 Utrumque
404 1468 451 1511 οὖ
468 1468 625 1512 ΟΠΙ.Ο.
764 1464 1051 1524 99.ὑποστα’ς.
1088 1468 1328 1519 ὑπομείνας.
1367 1472 1430 1512 νῦν
1444 1470 1644 1531 ὑποσχό-

112 1566 235 1598 μενος
251 1544 311 1589 Α.
366 1545 527 1590 Verba
552 1547 615 1588 νῦν
633 1545 666 1589 ὑ.
689 1545 746 1588 ab
766 1543 855 1588 alia
879 1559 940 1588 m.
960 1545 1152 1603 antiqua
1171 1545 1313 1589 habet
1330 1546 1386 1590 O.
1546 1564 1639 1592 101.

113 1622 292 1670 ἔνισπες.
335 1620 446 1669 εἶπες
471 1621 528 1666 O.
580 1620 865 1665 ΗΝῙΠΕΣ.
904 1620 1015 1669 εἶπες
1038 1620 1099 1664 Α.
1241 1638 1333 1667 122.
1360 1623 1468 1671 τεός.
1517 1624 1539 1667 ὁ
1566 1624 1643 1671 σός

115 1697 171 1742 Ο.
209 1698 383 1743 Omisit
406 1697 466 1741 A.
678 1713 768 1753 127.
806 1696 894 1759 δίχ’
916 1695 1144 1758 ἐβάζομεν.
1181 1697 1551 1758 ἐὸιχογνωμοῦμεν
1580 1700 1638 1746 O.

115 1773 170 1816 Δ.
198 1771 255 1817 Ε.
291 1772 599 1825 ἐνδικονοοῦμεν
629 1773 689 1816 A.
899 1778 990 1819 128.
1021 1775 1174 1833 βουλῇ.
1211 1772 1383 1833 σκέψει,
1409 1777 1554 1835 ’γνώμῃ
1581 1777 1639 1821 O.

114 1847 271 1908 σκέψει
306 1851 351 1894 in
386 1849 534 1909 σκέψη
576 1857 845 1910 corruptum
886 1852 932 1894 in
958 1850 1017 1895 A.
1228 1869 1322 1909 149.
1356 1866 1447 1910 155.
1475 1853 1550 1898 Gl.
1582 1855 1640 1898 ad

113 1926 293 1971 ἔστασιν
326 1935 374 1972 et
412 1928 644 1989 ἐρητύοντο
678 1943 704 1972 a
741 1943 803 1971 ni.
842 1927 998 1986 paullo
1031 1929 1291 1973 recentiore
1325 1929 1468 1974 habet
1501 1931 1559 1974 O.
1593 1932 1641 1974 in

112 2006 336 2065 margine.
553 2010 645 2062 169.
676 2003 856 2065 δολιχὸν
889 2004 1031 2048 πλόον
1064 2005 1361 2064 ὁρμαίνοντας.
1399 2005 1643 2059 διανοουμέ-

114 2101 202 2129 νους
226 2081 323 2142 περὶ
348 2085 513 2143 μακροῦ
538 2082 680 2126 πλόου
705 2080 767 2126 Α.
816 2080 979 2126 Verba
1003 2081 1099 2142 περὶ
1125 2085 1290 2143 μακροῦ
1314 2086 1430 2126 πλοῦ
1457 2084 1555 2142 (Sic)
1583 2085 1641 2129 Ο.

112 2159 158 2202 in
191 2159 400 2218 margine
435 2158 579 2203 habet
610 2158 668 2203 ab
693 2173 757 2202 ni.
784 2159 1044 2203 recentiore
1077 2159 1249 2218 scripta
1278 2159 1415 2203 viridi
1448 2159 1642 2219 liquore.

116 2248 209 2291 170.
248 2235 595 2287 παιπαλθέσσης.
634 2234 844 2295 ΤραΧΕίας
887 2235 1027 2284 νήσΟυ.
1065 2232 1282 2296 ἐπίψυρία
1323 2234 1508 2287 νησίδίόν
1547 2237 1641 2281 ἐστι

111 2310 278 2373 λυπρὸν
303 2318 392 2356 etc.
419 2311 495 2365 O„
520 2312 666 2356 literis
699 2332 746 2354 πι
781 2312 826 2355 in
862 2309 1080 2373 ἐπιψυρία
1112 2327 1139 2356 a
1174 2326 1235 2356 m.
1262 2313 1523 2358 recentiore
1560 2329 1643 2373 per

112 2390 225 2434 duas
260 2388 452 2434 lineolas
491 2388 671 2433 deletis.
745 2387 873 2432 Hinc
912 2388 1085 2432 lemma
1117 2387 1371 2432 ΕΨΥΡΙΑ
1407 2390 1645 2449 explican-

112 2466 240 2519 dum,
267 2467 391 2525 quod
415 2472 486 2511 est
511 2466 557 2509 in
584 2464 643 2509 A.
853 2480 945 2521 172.
973 2464 1034 2524 (p.
1066 2479 1160 2524 135,
1194 2469 1277 2524 13.)
1299 2470 1373 2517 τῆς
1404 2469 1530 2517 νήσου
1563 2469 1644 2513 ha-

110 2543 193 2589 bet
218 2545 290 2596 O„
317 2559 408 2588 om.
436 2543 496 2587 A.
706 2557 798 2599 177.
826 2542 1054 2604 ἰχθυόεντα
1079 2543 1270 2588 κέλευθα.
1306 2544 1384 2596 τὴν
1411 2542 1644 2589 θάλασσαν

111 2621 169 2665 O.
207 2620 333 2678 λέγοι
361 2621 464 2679 (Sic)
491 2620 621 2664 addit
648 2618 707 2663 A.
913 2619 974 2663 ib.
1016 2619 1272 2680 Γεραιστόν.
1318 2620 1542 2682 Γεραστὸς
1577 2627 1645 2665 λι-

110 2697 190 2749 μὴν
227 2696 424 2752 Εὖβοίας
453 2697 510 2741 O.
570 2696 663 2740 Pro
697 2693 921 2757 Γεραστὸς
953 2697 1000 2739 in
1035 2695 1097 2740 A.
1129 2704 1200 2741 est
1231 2696 1480 2759 γεραιστός,
1517 2699 1642 2757 quod

111 2774 321 2819 lemmati
346 2773 577 2818 convenit.
792 2780 883 2828 184.
912 2772 972 2832 (p
1000 2778 1092 2831 136,
1124 2787 1187 2829 17.
1196 2778 1208 2832 )
1236 2773 1469 2826 ἀπηντησε.
1508 2776 1643 2835 φίλος

111 2869 201 2912 γαρ
240 2849 294 2894 τὸ
334 2850 480 2894 τέκνον
518 2848 578 2893 A.
651 2849 961 2894 scribendum
1000 2849 1220 2901 ἀπήντησε
1261 2852 1409 2912 φίλος
1458 2850 1512 2894 τὸ
1553 2850 1641 2912 γὰρ

111 2928 255 2971 τέκνον
280 2942 337 2972 ex
363 2927 420 2971 Ο.
494 2926 625 2971 Idem
655 2926 879 2987 οὐθέτερον
905 2942 985 2985 pro
1012 2925 1247 2987 οὖδετερον.
1454 2944 1545 2983 192.
1574 2928 1635 2986 (p.
