1907 3270
728 137 1133 185 PRAEFATIO.
1613 140 1695 183 xix

236 331 299 378 V.
322 350 384 378 10.
419 336 503 378 τῶν
539 333 698 386 ἁμόθεν
734 334 906 379 lemma
942 335 988 378 in
1020 333 1076 378 O.
1133 337 1218 377 τῶν
1256 333 1415 386 ἁμόθεν
1453 352 1507 392 γε
1544 335 1593 378 in
1629 333 1689 378 A.

168 409 278 466 ἡγοῦ
301 408 358 454 Ο.
407 408 558 468 διηγοῦ
580 409 641 455 A.
666 416 808 455 recto.
1011 427 1075 467 15.
1100 410 1248 453 σπέσι.
1287 409 1520 462 σπηλαίοις
1545 409 1602 454 Ο.
1651 410 1694 452 ἐν

167 486 335 531 σπέεσι.
371 487 602 540 σπηλαίοις
626 487 687 532 A.
881 492 945 533 18.
970 488 1070 532 ἔνθα
1094 487 1215 532 τότε.
1252 486 1452 549 χρονικὸν
1475 488 1691 550 ἐπίρρημα

166 560 234 605 καὶ
270 563 310 606 ἐν
345 564 470 620 τόπῳ
507 563 638 620 (iota,
669 565 793 623 quod
829 579 913 609 nos
948 563 1295 617 subscribimus,
1333 564 1481 608 codex
1516 564 1690 623 ubique

165 639 452 699 adscriptum
477 641 634 694 habet,
660 648 714 686 ut
738 641 813 686 hic
837 641 997 697 τόπωι)
1019 640 1076 686 O.
1126 639 1327 686 ENOA.
1375 641 1495 685 τότε.
1544 661 1692 703 χρονι-

165 713 238 759 κὸν
262 716 477 778 ἐπίρρημα
507 717 573 761 καὶ
599 718 725 774 τόπῳ
749 717 810 762 Α.
836 718 962 762 unde
994 718 1271 777 posteriores
1303 718 1517 770 editores,
1544 732 1691 775 quum

165 790 207 834 ἐν
230 793 458 838 excidisse
481 795 731 847 nescirent,
755 793 823 837 καὶ
848 793 991 838 τόπου
1015 794 1310 852 scripserunt.
1514 810 1583 852 32.
1608 813 1692 837 πα-

165 873 248 911 παῖ
270 868 327 912 Ο.
347 873 401 913 ut
427 884 529 928 ego.
576 870 724 913 παπαί
747 868 808 914 Α.
1010 887 1079 928 34.
1111 869 1418 917 ἇτασθαλιάις.
1457 869 1691 930 ἁμαρτίαις

165 943 223 989 Ο.
245 950 349 1004 post
372 945 602 1005 glossema
621 962 780 992 versus
804 953 873 1006 36.
900 945 1083 1008 ἄλοχον.
1121 948 1329 1005 γαμετήν.
1385 946 1535 991 Suum
1554 947 1603 991 in
1622 947 1690 992 lo-

164 1037 271 1066 cun]
307 1023 591 1081 transpOSUit
616 1022 676 1066 A.
896 1041 965 1082 39.
1001 1022 1237 1075 μνάασθαι.
1284 1023 1594 1074 μνηστεύεσθαι
1630 1022 1687 1068 O.

165 1096 484 1142 ΜΝΑΣΘΑΙ
506 1099 720 1155 (fortasse
757 1100 1014 1160 typothetae
1051 1102 1240 1157 errore).
1289 1099 1600 1150 μνηστεύεσθαι
1625 1097 1687 1143 Α.

162 1177 232 1229 48.
259 1172 348 1222 δαῗς
374 1174 430 1219 O.
479 1174 538 1223 δὶς
562 1174 622 1218 A.
812 1174 1001 1220 ὃεδακυίά
1026 1174 1088 1218 Α.
1137 1173 1349 1226 δεδαηκυίη
1375 1174 1433 1219 Ο.
1459 1175 1557 1219 Sine
1592 1175 1690 1220 iOssa

113 1264 117 1267 ·
163 1251 409 1310 adscripto,
428 1252 552 1310 quod
580 1252 722 1296 habet
746 1253 793 1296 in
818 1253 1108 1304 μεμαθηκυίηι.
1281 1252 1438 1313 ἐρώσης
1456 1251 1517 1296 Α.
1567 1250 1690 1297 Scri-

164 1327 369 1373 bendum
395 1328 464 1372 ἐπὶ
490 1329 649 1388 ἐρώσης
673 1345 733 1374 ΘΧ
754 1329 810 1374 Ο.
1013 1347 1083 1387 49.
1111 1327 1230 1382 δηθά.
1268 1327 1421 1372 πολλά
1445 1345 1471 1374 a
1489 1344 1552 1374 ΠΙ.
1569 1329 1690 1374 Inul-

163 1410 212 1448 to
237 1405 495 1451 recentiore
524 1405 668 1450 habet
694 1405 751 1451 O.
819 1405 1019 1464 Recepit
1045 1404 1104 1449 A.
1341 1419 1410 1462 52.
1440 1405 1503 1464 (p.
1532 1422 1598 1458 21,
1623 1409 1687 1449 18.

162 1480 234 1525 ed.
271 1486 472 1541 nostrae).
511 1479 751 1533 Θαλάσσης.
805 1479 1268 1524 ΟΛΟΟΦΡΟΝΟΣ
1306 1480 1366 1525 A.
1407 1483 1536 1540 quasi
1583 1482 1688 1526 ὀλο-

163 1555 354 1618 όφρονος
379 1558 676 1616 sequentium
703 1557 951 1603 verborum
988 1557 1162 1602 lemma
1198 1557 1270 1602 sit.
1342 1557 1494 1602 Recte
1520 1556 1689 1603 Θαλάσ-

161 1653 236 1685 σης
259 1634 533 1695 ὀλοόφρονος
563 1635 661 1679 sine
697 1635 1076 1694 interpunctione
1102 1624 1168 1680 O(
1231 1633 1413 1679 Eodem
1450 1650 1604 1679 errore
1638 1636 1685 1679 in

161 1711 336 1755 scholio
361 1727 404 1754 v.
425 1716 494 1755 60.
527 1713 590 1770 (p.
619 1728 684 1763 22,
710 1713 795 1767 11.)
827 1712 966 1756 verba
1006 1710 1166 1754 IEPA
1205 1710 1424 1753 PEZQN
1462 1717 1684 1770 tanquam

161 1787 334 1831 lemma
358 1788 602 1846 separavit,
628 1788 706 1832 ubi
741 1788 911 1832 iterum
940 1793 1066 1833 recte
1092 1787 1149 1833 O.
1176 1788 1255 1846 qui
1285 1785 1514 1849 χαρίζεται
1541 1788 1686 1833 habet

160 1878 242 1922 pro
267 1861 493 1925 χαρίζετο.
720 1868 787 1909 62.
812 1862 982 1907 ὠδύσαο
1008 1863 1065 1909 Ο.
1113 1862 1313 1908 ὠδύσσαο
1338 1862 1398 1908 A.
1618 1878 1683 1921 70.

162 1938 218 1982 In
254 1941 463 2000 margine
488 1941 546 1985 O.
572 1940 630 1984 ab
655 1940 821 1985 eadem
847 1940 918 1985 ve]
948 1941 1039 1985 alia
1073 1956 1217 1985 manu
1253 1940 1446 1998 antiqua
1481 1939 1568 1982 ὅου.
1617 1938 1686 1983 οὕ-

159 2035 286 2063 τινος.
342 2015 450 2060 ἔσκε.
509 2016 687 2078 ὑπῆρχε.
748 2031 854 2075 quae
896 2017 998 2061 duae
1040 2025 1148 2061 sunt
1189 2016 1365 2075 glossae,
1409 2016 1557 2060 altera
1597 2015 1684 2068 ὅου,

158 2092 307 2137 altera
337 2092 448 2146 ἔσκε,
479 2108 537 2137 ex
563 2092 731 2151 quibus
764 2108 903 2137 unam
940 2093 1051 2138 fecit
1076 2091 1137 2136 A.
1167 2092 1314 2137 ΟΟΥ.
1342 2089 1390 2136 οὗ
1424 2111 1539 2139 τινος
1565 2091 1686 2136 ἔσκεν

157 2169 359 2229 ὑπῆρχεν.
604 2183 670 2225 71.
697 2172 759 2228 (p.
788 2185 854 2224 24,
879 2171 941 2229 4.)
964 2169 1182 2216 κύκλωπος
1207 2167 1267 2212 Α.
1340 2168 1490 2213 Recte*
1516 2171 1596 2212 τοῦ
1618 2169 1687 2211 κύ-

157 2250 328 2293 κλωπος
353 2244 410 2290 Ο.
637 2260 704 2304 75.
729 2244 904 2290 ἈΠΟ.
953 2245 1103 2306 πόρρω
1129 2243 1190 2288 A.
1251 2243 1354 2288 ἄπο.
1404 2243 1565 2305 πόρρω,
1601 2264 1685 2296 μα-

157 2319 261 2383 κράν
286 2321 343 2366 Ο.
370 2322 418 2366 in
443 2323 652 2382 margine
677 2322 735 2367 ab
761 2322 928 2368 eadem
952 2336 1108 2374 manu,
1135 2322 1201 2365 ita
1227 2327 1278 2365 ut
1302 2321 1426 2380 prior
1452 2335 1610 2365 versus
1635 2322 1682 2365 in

157 2398 308 2460 πόρρω
343 2399 540 2451 desinat,
575 2397 744 2460 μακράν
779 2415 889 2444 vero
925 2400 970 2443 in
1009 2398 1156 2444 altero
1192 2400 1396 2458 positum
1433 2399 1518 2442 sit:
1557 2399 1683 2443 unde

158 2476 334 2519 factum
359 2480 412 2518 ut
437 2475 738 2519 omitteretur
761 2476 809 2519 in
834 2474 894 2519 A.
1141 2491 1208 2532 79.
1233 2473 1500 2535 ἐριδαινέμεν.
1549 2477 1683 2535 φιλο-

158 2556 299 2595 νεικεῖν
323 2550 381 2595 O.
441 2549 707 2611 ἐριδαινέμεν.
768 2554 1004 2612 φιλονικεῖν
1027 2549 1089 2594 Α.
1342 2564 1409 2608 97.
1437 2550 1681 2611 ἀμβρόσια.

158 2626 373 2689 ἄφθαρτα
413 2630 519 2672 θεῖα.
573 2628 768 2689 χρύσεια.
816 2625 980 2686 τίμια.]
1038 2627 1116 2672 Sic
1151 2625 1209 2672 Ο.
1244 2627 1425 2671 duobus
1461 2626 1678 2671 versibus.

159 2705 216 2749 In
231 2703 291 2748 A.
307 2702 682 2748 ΑΜΒΡΟΣΙΑ.
720 2703 856 2755 τίμια.
895 2704 1046 2749 scriba
1060 2701 1237 2747 Aldino
1253 2718 1279 2747 a
1297 2703 1449 2762 priore
1466 2717 1601 2747 versu
1621 2703 1679 2747 ad

158 2780 358 2826 alterum
383 2781 641 2825 aberrante.
698 2779 830 2825 Male
852 2779 1102 2824 Barnesius
1122 2793 1181 2822 ex
1201 2779 1303 2823 cod.
1325 2778 1610 2838 Cantabrig.‚
1627 2783 1680 2821 ut

157 2859 235 2910 ait,
261 2858 472 2903 lemmati
505 2856 735 2917 ἀμβρόσια
767 2856 983 2915 adjunxit
1019 2861 1242 2913 tanquam
1279 2855 1367 2898 tria
1401 2854 1680 2914 glossemata

160 2932 387 2994 ἄφθαρτα,
413 2933 592 2995 χρύσεα,
619 2932 755 2984 τίμια.
959 2948 1028 2988 99.
1055 2931 1118 2989 (p.
1142 2933 1206 2979 28,
1227 2933 1286 2990 2.)
1312 2931 1368 2988 τῇ
1389 2931 1410 2972 ἕ
1434 2933 1508 2979 τῆς
1533 2926 1605 2979 O.9
1625 2933 1679 2972 ut

877 3007 907 3050 b
934 3010 961 3049 2
