1917 3183
731 93 1136 138 PRAEFATIO.
1669 111 1693 138 v

173 213 347 258 scholia
388 230 479 260 uon
522 216 694 274 attigit,
739 216 822 259 nisi
869 216 991 273 quod
1036 217 1240 261 diversas
1283 222 1492 261 veterum
1536 232 1695 261 exem-

174 290 372 349 plarium
405 292 666 350 scripturas,
693 306 798 350 quae
829 293 873 335 in
900 292 1086 337 scholiis
1118 299 1384 337 memorata}
1413 299 1521 338 sunt
1554 292 1695 352 pluri-

173 381 272 420 mae,
310 375 554 426 excerptas
589 367 825 412 collationi
869 383 960 412 sua*
1000 369 1210 413 inseruit.
1282 370 1397 414 Post
1435 370 1691 414 Porsonum

172 443 346 488 scholia
381 459 486 488 cum
522 444 728 488 editione
754 444 1034 488 Buttmauni
1068 445 1268 489 contulit
1302 452 1350 489 et
1385 445 1562 489 inedita
1594 445 1695 503 plu—

172 521 288 565 rima
326 521 569 580 descripsit
610 520 654 564 J.
694 519 754 564 A.
793 521 1041 565 Cramerus
1083 522 1129 564 in
1170 520 1433 566 Anecdotis
1477 521 1695 566 Parisinis

172 597 261 642 vol.
288 613 331 657 3.
357 613 401 657 p.
420 611 477 654 41
496 610 713 656 1—512.‚
740 599 817 656 qui
844 597 1053 642 codicem
1079 613 1106 641 a
1131 598 1310 642 duabus
1341 599 1555 643 manibus
1587 599 1695 642 scri-

170 678 305 732 ptum
335 688 434 717 esse
466 674 693 725 observat,
721 688 913 732 quarum
955 675 1077 732 prior
1101 681 1287 718 textum
1315 680 1363 718 et
1389 674 1547 719 brevia
1571 689 1695 732 qute-

170 749 278 794 dam
321 750 495 794 scholia
536 750 582 793 in
625 750 834 809 margine
874 750 1024 808 posita
1064 750 1311 808 scripserit,
1354 749 1500 794 altera
1539 749 1694 808 paullo

170 826 402 871 recentior
426 826 738 884 ductibusque
770 825 1009 870 literarum
1044 827 1374 870 minutioribus
1408 841 1489 870 usa
1520 826 1695 870 scholia

170 904 379 963 longiora
410 903 656 955 addiderit,
682 903 849 962 passim
876 904 1016 948 erasis
1041 903 1203 961 prioris
1228 918 1392 948 manus
1418 902 1615 954 scholiis,
1641 910 1694 947 ut

168 981 302 1025 novis
344 980 497 1025 locum
541 980 730 1025 faceret.
803 979 992 1024 Scholia
1032 987 1141 1024 sunt
1181 981 1373 1038 antiqua
1411 986 1459 1024 et
1501 980 1693 1038 optimae

170 1062 303 1109 notae,
330 1056 485 1116 qualia
509 1057 566 1101 ad
594 1056 860 1115 rhapsodias
885 1063 1108 1114 quattuor
1131 1058 1301 1115 primas
1326 1057 1497 1101 codicis
1515 1055 1692 1101 Veneti

170 1131 238 1176 M.
265 1148 364 1178 esse
391 1148 528 1192 supra
552 1133 777 1185 dicebam,
804 1148 1004 1191 quocum
1036 1133 1235 1192 plurima
1260 1134 1528 1178 communia
1552 1132 1693 1176 habet

170 1209 286 1254 liber
324 1208 618 1254 Harleianus.
698 1210 1030 1255 Recentiorum
1081 1209 1471 1268 interpolatorum
1513 1210 1693 1253 addita-

167 1292 329 1330 menta
354 1286 430 1330 vix
457 1286 551 1330 ulla
576 1286 862 1345 deprehendi
889 1293 1062 1344 praeter
1086 1285 1291 1330 scholion
1318 1287 1373 1330 ad
1403 1285 1457 1338 Σ,
1487 1301 1541 1338 2.,
1569 1286 1691 1344 quod

168 1377 419 1408 commune
439 1364 481 1408 ei
503 1369 574 1408 est
592 1378 699 1407 cum
719 1364 879 1408 codice
896 1361 1210 1408 Ambrosiano
1228 1363 1284 1416 Q.
1299 1369 1346 1407 et
1364 1362 1691 1423 Etymologico

169 1438 349 1499 Magno
376 1455 418 1499 p.
447 1455 553 1489 222,
581 1451 651 1499 15.
688 1440 767 1484 ubi
795 1455 900 1498 quae
927 1440 984 1484 de
1016 1439 1356 1502 γαστριμαργίᾳ
1391 1445 1692 1499 exponuntur

167 1515 352 1561 scholiis
390 1516 656 1561 Homericis
691 1523 870 1561 temere
906 1517 1036 1561 illata
1071 1531 1170 1562 esse
1207 1517 1265 1561 ab
1301 1517 1525 1576 scriptore
1561 1516 1693 1561 Chri-

167 1593 315 1637 stiano
341 1593 478 1638 docet
503 1609 607 1652 quae
639 1593 703 1637 ibi
739 1599 1028 1638 memoratur
1052 1595 1074 1644 ἡ
1100 1591 1226 1654 χάρις
1251 1597 1331 1638 τοῦ
1354 1593 1483 1651 ἁγίου
1510 1593 1693 1645 πνεύμα-

166 1688 242 1717 τος
266 1677 314 1713 et
339 1685 441 1727 quae
467 1676 576 1713 sunt
602 1669 779 1728 reliqua
803 1685 862 1715 ex
884 1670 1256 1715 Christianorum
1282 1671 1493 1714 doctrina
1518 1671 1679 1729 petita.

168 1744 312 1789 Hunc
345 1747 554 1790 codicem
588 1761 731 1805 quum
765 1762 914 1806 nuper
945 1747 1042 1806 ipse
1076 1746 1375 1806 inspexerim,
1401 1762 1524 1791 nunc
1556 1762 1692 1791 accu-

167 1822 384 1866 ratiorem
412 1823 510 1881 ejus
536 1822 895 1881 descriptionem
920 1824 1029 1867 dare
1065 1837 1265 1882 possum.
1339 1823 1483 1867 Foliis
1507 1829 1691 1867 constat

167 1900 331 1945 formae
363 1901 598 1959 quadratae
634 1901 819 1959 majoris
864 1914 983 1960 150„
1010 1916 1109 1960 quae
1144 1901 1350 1946 numeris
1385 1901 1478 1945 suis
1512 1902 1692 1945 notavit

165 1991 330 2021 manus
378 1992 552 2021 recens.
626 1977 858 2022 Praecedit
902 1977 1064 2021 folium
1107 1992 1269 2029 unum,
1310 1978 1461 2036 ipsum
1504 1992 1691 2036 quoque

165 2053 591 2106 membranaceum,
639 2055 771 2113 cujus
817 2069 977 2098 aversa
1023 2054 1070 2097 in
1118 2054 1287 2113 pagina
1332 2069 1498 2098 manus
1545 2054 1689 2098 seculi

165 2130 315 2188 quinti
337 2130 407 2174 vel
434 2131 555 2174 sexti
576 2131 745 2175 decimi
769 2130 1073 2190 Epitaphium
1095 2131 1276 2189 scripsit
1294 2130 1483 2175 aliunde
1508 2139 1689 2181 notum,

165 2207 314 2251 tribus
339 2208 548 2252 distichis
573 2213 790 2252 constans
811 2207 852 2263 (ἡ
878 2206 994 2251 πολὺ
1020 2205 1459 2268 Σειρήνων-δαίμων
1483 2204 1691 2267 ἀπροϊόὴς

165 2281 390 2327 ἐσκέδασεν
426 2284 596 2344 φιλίην)
634 2284 692 2327 ab
726 2283 946 2328 Jacobsio
985 2284 1032 2327 in
1066 2282 1370 2343 Anthologiae
1410 2283 1556 2327 Palat.
1591 2282 1690 2342 Ap-

164 2361 411 2419 pendicem
438 2367 680 2420 receptum
706 2377 750 2405 n.
780 2377 887 2405 210.
914 2361 1002 2405 vol.
1032 2376 1074 2405 2.
1100 2376 1144 2419 p.
1173 2360 1281 2421 823.
1333 2361 1545 2405 Primum
1571 2362 1690 2405 anti-

164 2452 270 2494 quae
295 2452 460 2481 manus
487 2437 650 2482 folium
676 2438 840 2497 incipit
859 2438 917 2482 ab
937 2436 1236 2497 Argumento
1257 2437 1463 2481 versibus
1489 2437 1689 2496 politicis

164 2513 349 2572 scripto,

694 2589 875 2641 ὑπόθεσις
894 2586 1172 2639 Ὀδυσσείας.“’

431 2664 539 2728 [Ιρός
564 2667 632 2722 τὴν
658 2670 837 2721 Καλυψὼ
862 2666 962 2718 Ζεὺς
982 2665 1211 2716 Ὀδυσσέως
1234 2667 1350 2726 χάριν

428 2745 574 2801 πέμπει
602 2741 664 2787 τὸν
682 2742 831 2804 ”Ερμῆν
849 2742 1015 2798 Ἀθηνᾶς
1038 2738 1214 2791 πεισθεὶς
1239 2739 1355 2802 λόγῳ·

217 2839 233 2865 b
255 2841 492 2888 Repetuntur
511 2842 547 2876 hi
569 2854 697 2877 versus
717 2842 780 2878 fol.
802 2848 863 2877 2²2.
887 2842 932 2877 ad
955 2841 1161 2888 marginem
1184 2852 1313 2875 versus
1333 2842 1354 2877 8
1371 2847 1407 2876 et
1429 2841 1681 2888 sequentium:

165 2904 260 2940 unde
281 2905 420 2941 factum
444 2912 481 2941 ut
504 2906 548 2940 ab
571 2906 750 2941 Cramero
771 2912 946 2952 tanquam
981 2906 1148 2940 scholion
1186 2916 1295 2950 prosa
1321 2905 1487 2939 oratione
1508 2905 1684 2951 scriptum
