1907 3270
721 109 1030 147 ΟΔὙΣΣΕῙΑΣ
1065 111 1116 147 Δ.

1602 107 1683 148 173

159 219 249 259 πης·
288 203 337 254 ὥς
366 202 405 248 δὲ
431 204 447 247 ὁ
472 207 544 246 τῶν
569 198 734 245 Νόστων
759 202 936 256 ποιητὴς,
963 202 1093 251 Γέτις.
1138 200 1238 251 τινὲς
1263 200 1302 245 δὲ
1327 197 1370 245 *ro*
1395 200 1536 256 δούλης
1560 199 1684 262 κύριόν

159 288 265 339 φασι
317 279 381 324 διὰ
421 276 463 323 τὸ
499 277 696 338 μηδέποτε
735 274 830 322 οὕτω
874 277 1002 337 λέγειν
1043 275 1106 322 τὸν
1140 277 1302 332 ποιητὴν
1349 278 1417 333 τὴν
1457 278 1681 339 θεράπαινα·

159 354 215 401 διὸ
240 353 307 401 καὶ
326 355 369 401 τὸ
397 362 422 380 “
468 355 477 370 ’
520 353 532 369 '
621 352 638 371 ’Χ

159 432 374 478 ἀθετοῦσιν.
414 434 659 477 Η.Μ.Θ,.Β,.

441 375 590 401 εισοκεν
618 376 642 410 η
667 353 813 414 ἄλοχον
835 353 1045 408 ποιήσεται
1071 351 1094 408 ἢ
1121 352 1187 413 σ”γε
1211 352 1371 409 ὃοῦλην”
1398 356 1469 412 (ΙΙ.
1494 374 1536 413 γ,
1561 354 1680 412 409.)

224 508 386 572 Ἑλένῃ]
411 507 446 553 ἓν
462 513 512 571 τῇ
531 506 636 552 κατὰ
652 504 799 551 Ῥιανον
817 503 883 550 καὶ
898 504 1367 566 ἈριστοφοῖνηνἙλένης
1388 505 1456 550 σὺν
1475 511 1528 568 τῷ
1548 527 1587 551 σ.
1615 511 1681 551 M.
1697 525 1717 562 5

230 591 294 629 16.
324 584 497 645 γείτονες
521 583 588 640 ἠδὲ
620 583 726 640 ἐ’ται]
771 582 805 628 οἷ
835 580 1129 642 ἀστυγείτονες,
1163 581 1200 626 οἷ
1233 579 1344 632 ἕκτος
1371 582 1442 641 μὲν
1474 580 1580 633 ὄντες
1612 588 1684 638 τῆς

159 660 310 712 πόλεως
341 660 524 716 πλησίον,
561 659 646 705 ’ἔται
677 659 718 705 δὲ
746 659 783 704 οἷ
814 658 857 704 ἐκ
887 664 960 714 τῆς
988 657 1112 714 αὐτῆς
1140 656 1303 712 πόλεως,
1339 658 1375 703 οἶ
1406 659 1593 714 συνήθεις.
1641 658 1685 704 ἐκ

208 737 271 754 ΝἸ

159 759 227 783 του
251 742 332 789 εθος
357 736 444 793 ἕθης
467 734 533 781 καὶ
559 735 665 792 ἐ’της.
714 735 800 782 ’ἔται
825 740 966 790 ψιλῶς,

993 730 1081 751 ‘15¹3‘

994 755 1025 779 ιν
1056 756 1080 798 ῃ
1106 734 1141 779 οἷ
1161 740 1339 779 πολῖται.
1375 739 1486 780 E-Q.

230 829 295 871 17.
321 811 428 873 φασὶ
448 812 539 864 τοὺς
564 810 594 857 ε’
613 812 781 874 στίχους
806 811 966 862 τούτους
988 811 1046 870 μὴ
1066 815 1162 855 εἰναι
1189 815 1256 855 τοῦ
1273 809 1463 872 εΟμῆρου,
1483 810 1593 855 ἀλλὰ
1617 816 1684 856 τοῦ

159 890 444 953 Ἀριστάρχου,
485 893 534 935 Μ
539 893 600 935 .Τ.

160 1000 268 1036 litum
295 1012 376 1036 esse
405 999 531 1035 literas
558 1002 642 1046 θυγα
668 1004 894 1047 praepostere

162 1054 319 1102 scriptas
340 1058 404 1088 aut
424 1053 547 1088 delere
569 1057 631 1087 aut
654 1052 802 1099 punctis
826 1064 893 1087 no-

162 1113 254 1148 tare,
292 1107 391 1142 unde
430 1112 552 1142 ortum
592 1105 758 1141 mirabile
796 1105 895 1140 istud

163 1162 343 1207 θυγατῆρις.
399 1159 549 1195 Nomen
571 1164 694 1194 autem
715 1159 804 1205 Τηρίς
825 1158 895 1194 etsi

163 1213 270 1248 valde
305 1219 532 1260 suspectum,
566 1217 693 1247 tamen
727 1211 829 1246 nolui
858 1211 894 1246 in

161 1268 301 1314 Τηριὸάη
339 1272 497 1306 mutare,
537 1265 636 1312 quod
673 1265 712 1300 in
755 1276 893 1311 praece-

163 1319 275 1355 dente
306 1319 447 1355 scholio
477 1318 628 1366 legitur,
653 1330 767 1365 quum
797 1317 895 1364 apud

163 1372 447 1420 Apollodorum,
479 1372 537 1408 cui
566 1371 636 1418 ipsi
661 1382 807 1418 quoque
827 1375 893 1414 Τη-

162 1426 252 1473 ριδοίη
272 1425 399 1461 nescio
421 1438 492 1473 qua
512 1424 733 1460 auctoritate
753 1424 895 1459 illatum

164 1484 234 1519 est,
270 1478 417 1514 codices
448 1479 485 1513 in
517 1479 655 1525 τηρηῒδος
685 1476 896 1512 consentire

164 1531 374 1573 videantur,
397 1531 497 1579 quod
517 1544 539 1566 a
553 1532 644 1578 Τηρῖς
663 1530 815 1578 propius
832 1530 895 1565 ab·

165 1590 221 1621 est
243 1598 353 1632 quam
374 1598 394 1620 a
413 1587 562 1633 Τηριδάη.

233 1638 273 1674 Ρ.
303 1648 388 1685 172,
423 1640 457 1674 8.
493 1635 686 1681 Ζευξίππης]
746 1635 808 1672 Sic
842 1636 895 1671 H.

165 1692 271 1727 M.R.
293 1697 341 1732 et,
362 1691 401 1726 ni
428 1691 548 1732 fallor,
571 1690 635 1733 Q„
656 1690 745 1725 licet
770 1689 897 1724 Maius

165 1746 244 1786 τινὲς
273 1743 447 1785 Ζευξίππου
475 1743 645 1783 ediderit,
672 1742 771 1790 quod
800 1742 898 1790 apud

167 1797 406 1833 Eustathium
444 1797 593 1845 legitur,
629 1808 676 1831 ex
710 1795 824 1843 ipsius
859 1801 899 1831 ut

167 1851 315 1887 videtur
340 1851 567 1898 conjectura.
625 1850 727 1885 Nam
748 1850 828 1890 τινὲς
852 1861 899 1884 ex

167 1909 344 1952 corrupto
364 1904 427 1939 illo
448 1906 617 1950 θυγατῆρις
632 1903 798 1944 finxisse,
817 1907 896 1936 Ζευ-

167 1955 281 2001 ξίππης
309 1962 434 1993 autem
463 1957 501 1992 in
530 1954 704 1997 Ζευξίππου
732 1960 897 1990 mutasse

166 2011 325 2053 videtur,
347 2023 460 2057 quum
488 2015 634 2059 patrem
662 2009 898 2044 nominatum

167 2076 248 2100 esse
294 2063 521 2111 probabilius
564 2062 749 2110 judicaret
787 2074 897 2109 quam

168 2124 326 2153 matrem
355 2117 471 2152 solam
501 2128 578 2151 non
606 2116 752 2163 adjecto
782 2115 898 2163 patris

167 2183 330 2206 nomme.

222 2241 401 2289 P.173‚1.
416 2237 525 2286 Γέτις]
561 2239 623 2275 Sic
638 2238 691 2275 H.
711 2239 789 2286 (qui
807 2229 900 2284 ’γέ-ἶ).

169 2293 228 2330 Μ.
258 2294 297 2341 γὲ
313 2309 363 2335 τις
377 2293 422 2328 R.
433 2298 471 2328 et
488 2292 657 2328 similiter
672 2292 773 2328 haud
789 2292 899 2327 dubie

169 2347 282 2384 etiam
303 2346 351 2390 Q.
410 2346 480 2381 Est
506 2352 630 2381 autem
659 2345 732 2381 hoc
753 2357 899 2393 quoque

170 2412 308 2436 nomen
341 2400 539 2439 incertum,
571 2398 640 2434 etsi
675 2398 767 2439 Γέτις
797 2399 900 2441 (nam

170 2453 222 2489 sic
252 2452 457 2489 Salmasius
489 2452 652 2487 correxit
684 2464 752 2498 pro
783 2449 898 2499 Γέτης)

169 2510 322 2541 ἐκαλεῖτο
342 2505 360 2548 ἦ
375 2505 452 2551 γυνὴ
472 2509 525 2539 τοῦ
541 2507 698 2539 Φιλίππου
712 2509 767 2539 τοῦ
781 2506 899 2549 Ἀμύν-

169 2574 237 2601 του,
263 2564 304 2594 ut
332 2558 447 2594 refert
468 2556 600 2603 Steph.
622 2557 712 2604 Byz.
734 2569 764 2592 s.
786 2569 820 2591 v,
843 2561 900 2591 Γε-

169 2615 241 2647 τία.
275 2623 386 2659 quam
395 2610 601 2656 Medopam
612 2609 775 2645 Gothilae
787 2609 901 2644 filiam

172 2664 333 2712 appellat
360 2663 573 2700 Jornandes
593 2662 639 2698 R.
657 2662 773 2698 Goth.
789 2674 846 2697 10.
862 2674 899 2709 p.

172 2729 236 2764 91.
271 2717 383 2753 Lind.
404 2729 426 2752 a
445 2715 638 2751 Meinekio
657 2720 900 2750 memoratus.

226 2769 308 2811 τινὲς
326 2771 358 2806 δὲ
375 2770 411 2805 τὸ
427 2782 496 2818 ego
517 2768 664 2804 addidi:
698 2768 795 2815 quod
817 2773 903 2814 post

172 2823 298 2858 literas
317 2839 366 2865 τις
391 2822 574 2859 excidisse
603 2820 832 2871 probabilius
850 2820 902 2855 vi-

173 2875 283 2911 detur
302 2888 411 2923 quam
443 2875 538 2923 ἕτεροι
568 2874 600 2910 δὲ
626 2875 661 2909 τὲ
688 2873 747 2909 vel
773 2872 842 2908 ἔνιοι
871 2875 903 2908 δὲ

174 2945 222 2963 To.

1005 1000 1102 1044 κύριον
1128 998 1307 1039 H.M.R.‚
1339 1010 1416 1033 non
1445 998 1544 1044 κύριον
1573 995 1681 1043 ονομα,

952 1051 1051 1099 quod
1072 1052 1171 1099 apud
1191 1052 1337 1087 Maium
1356 1051 1507 1098 legitur.

1010 1116 1044 1140 2.
1076 1112 1163 1151 φασι
1185 1107 1237 1140 ’διὰ
1263 1106 1299 1140 τὸ
1325 1103 1480 1150 μηδέποτε
1502 1103 1561 1139 M.
1601 1104 1685 1151 φησὶ

952 1159 1064 1206 (φησὶν
1087 1158 1155 1203 H.)
1180 1157 1211 1193 δὲ
1233 1159 1389 1203 μηδέποτε
1412 1157 1511 1192 H.R.
1546 1157 1685 1192 Veram

952 1211 1173 1257 scripturam
1202 1223 1269 1246 suo
1285 1211 1322 1245 in
1342 1210 1436 1245 libro
1456 1209 1587 1245 habuit
1607 1209 1686 1244 Eu-

951 1264 1123 1305 stathius‚
1138 1264 1200 1311 qui
1217 1269 1302 1310 post
1318 1263 1431 1299 verba
1447 1275 1559 1310 supra
1571 1275 1684 1309 appo-

952 1317 1024 1353 Slta
1038 1319 1134 1365 κύριον
1153 1315 1251 1362 ’ὄνομα
1264 1318 1354 1364 λέγει
1367 1317 1402 1352 τὶ
1416 1319 1522 1359 δούλης
1533 1316 1658 1364 pergit
1675 1330 1682 1350 :

952 1373 1004 1406 διὰ
1021 1371 1055 1405 τὸ
1070 1370 1227 1416 μηδέποτε
1243 1371 1350 1416 λέγειν
1364 1370 1417 1405 τὶν
1432 1370 1560 1413 ποιητὴν
1575 1371 1688 1409 δούλας

952 1426 1012 1465 τὰς
1032 1425 1239 1470 θεραπαίνας,
1260 1426 1354 1458 ἀλλὰ
1375 1424 1481 1468 δμωὰς
1499 1421 1517 1466 ἢ
1538 1423 1686 1468 δμωΐδας·

953 1477 996 1512 διὸ
1016 1477 1071 1511 καὶ
1092 1477 1128 1511 τὸ
1146 1476 1285 1511 “ει’σο’κε
1303 1480 1334 1511 σ’
1348 1475 1366 1520 ἢ
1382 1475 1500 1520 ἄλοχον
1517 1476 1686 1518 ποιήσεται

952 1528 970 1572 ἢ
991 1529 1045 1575 ὅγε
1069 1529 1201 1573 δούλην”
1223 1531 1395 1565 ἀθετεῖ-ται
1419 1530 1511 1564 κατὰ
1531 1531 1602 1569 τοὺς
1620 1544 1685 1563 πα-

952 1584 1070 1623 λαιούς.

1006 1637 1085 1670 οὕτω
1116 1647 1162 1670 ex
1193 1638 1236 1676 οὗ,
1270 1634 1370 1681 quod
1396 1634 1497 1669 solus
1525 1634 1687 1670 servavit

953 1688 1023 1728 M„
1044 1688 1206 1723 restituit
1228 1687 1408 1722 Cobetus.
1464 1687 1601 1722 Ortum
1621 1699 1685 1722 au·

954 1747 1030 1776 tem
1064 1741 1155 1776 illud
1192 1744 1223 1775 οὐ
1258 1752 1304 1775 ex
1339 1740 1561 1787 compendio
1595 1740 1685 1776 scri-

955 1800 1074 1842 pturae
1119 1793 1216 1829 male
1263 1793 1466 1836 intellecto,
1505 1799 1546 1829 ut
1586 1805 1685 1840 saepe

955 1848 1063 1883 alibi:
1096 1847 1141 1883 de
1162 1859 1234 1894 quo
1257 1847 1350 1882 dixit
1371 1847 1474 1883 Bast.
1498 1847 1545 1882 ad
1567 1846 1682 1894 Greg.

956 1900 1041 1936 Cor.
1064 1913 1098 1948 p.
1123 1900 1211 1936 828.

1008 1955 1064 1996 τὴν
1094 1953 1306 2000 θεράπαιναν]
1337 1953 1373 1987 τὸ
1406 1954 1598 1999 θεράπαιναν
1628 1952 1685 1987 M.

953 2007 1165 2043 Articulum
1182 2006 1360 2042 omittunt
1378 2005 1476 2041 H.R.
1508 2007 1615 2050 δούλην
1629 2006 1686 2049 τὴν

955 2063 1147 2108 θεράπαιναν
1168 2060 1261 2095 Maii
1280 2059 1405 2094 editio.

1009 2125 1047 2159 3.
1068 2114 1140 2161 ἷγε]
1163 2111 1180 2148 2
1201 2112 1304 2148 H.R.

1011 2179 1048 2212 4.
1070 2168 1259 2213 ἀθετοῦσιν]
1285 2166 1342 2201 De
1362 2165 1434 2200 hoc
1455 2164 1546 2200 nihil
1569 2177 1684 2200 anno-

955 2226 1075 2257 tatum
1097 2220 1136 2255 in
1157 2219 1275 2255 schol.
1298 2219 1344 2254 ad
1363 2231 1512 2254 versum
1532 2218 1648 2253 illum.

1011 2284 1045 2322 5.
1067 2273 1203 2319 Ῥιανον]
1228 2274 1354 2319 ἀριανον
1374 2271 1430 2307 lu.

1012 2337 1046 2374 7.
1067 2325 1157 2373 ἔται]
1183 2326 1239 2361 De
1260 2325 1402 2361 scholio
1423 2324 1560 2360 codicis
1576 2324 1633 2360 M.
1649 2324 1687 2360 in

957 2393 1029 2427 quo
1051 2379 1252 2416 discrimen
1267 2378 1534 2414 vocabulorum
1551 2381 1685 2426 ἑταῖρος,

956 2432 1038 2477 ἕτης,
1053 2435 1148 2481 φίλος
1162 2432 1380 2479 explicatur,
1394 2431 1479 2467 vide
1492 2431 1539 2466 ad
1552 2447 1585 2471 α,
1600 2442 1643 2476 23
1653 2431 1686 2466 8.

957 2486 1115 2522 Brevius
1132 2486 1178 2521 ad
1193 2486 1232 2520 h.
1249 2498 1283 2521 V.
1301 2484 1468 2520 scholion
1484 2485 1519 2519 in
1537 2484 1587 2519 V.
1618 2485 1686 2530 γεί-

957 2555 1038 2581 τονες
1067 2540 1126 2586 μὲν
1151 2544 1200 2574 νῖν
1228 2542 1254 2574 οἱ
1282 2539 1519 2584 ἀστυγείτονες,
1551 2535 1625 2571 ἔται
1654 2535 1686 2572 δὲ

956 2595 1071 2636 ψιλῶς,
1093 2588 1164 2640 ἵν’ᾗ
1184 2595 1210 2626 οἱ
1229 2595 1373 2626 πολῖται.

1010 2657 1049 2694 9.
1071 2643 1447 2693 φασὶ-Ἀριστάρχου]
1474 2642 1562 2678 HOC
1579 2643 1687 2678 scho-

956 2698 1032 2733 lion
1065 2698 1103 2733 in
1132 2697 1236 2732 M.T.
1269 2696 1347 2731 sine
1385 2696 1561 2731 lemmate
1600 2695 1689 2731 scri-

957 2756 1063 2798 ptum
1089 2756 1126 2786 et
1152 2751 1203 2785 ita
1228 2749 1451 2785 collocatum
1479 2753 1536 2783 est
1563 2753 1602 2783 ut
1631 2747 1688 2782 in-

958 2809 1101 2839 certum
1130 2803 1227 2839 foret
1257 2814 1330 2849 quo
1360 2802 1407 2836 sit
1435 2800 1686 2841 referendum,

958 2856 1030 2892 nisi
1066 2868 1114 2891 ex
1150 2855 1325 2891 Athenaei
1363 2853 1614 2900 disputatione
1647 2863 1686 2897 4.

959 2921 993 2956 p.
1018 2909 1100 2944 180.
1129 2909 1320 2956 cognitum
1351 2906 1573 2941 haberemus
1603 2904 1686 2939 Ari-
