1907 3270
657 124 1063 170 PRAEFATIO.
1520 123 1621 166 lxix

98 240 168 284 ἐπὶ
207 246 353 301 χεῖρας
391 240 495 289 ἰήλω
532 237 759 283 collocata
793 245 915 282 sunt.
989 238 1061 282 Ex
1095 238 1166 283 his
1204 237 1426 297 explicari
1470 243 1624 296 potest

99 317 292 362 confusa
332 315 551 360 editionis
590 313 775 358 Aldinae
817 316 1059 374 scriptura,
1095 330 1197 373 qua*
1234 315 1279 358 in
1319 315 1623 358 annotatione

99 398 358 437 memorat-a
383 397 468 435 est.

167 467 219 511 P.
247 481 340 523 710,
364 483 425 515 11,
448 482 511 511 12.
549 464 779 511 Deleatur
813 466 1056 510 annotatio
1086 481 1144 509 ex
1177 465 1338 525 Etym.
1366 466 1433 510 M.
1461 481 1503 524 p.
1528 480 1621 522 771,

104 545 169 586 18.
194 542 336 593 illata,
361 556 498 600 quam
527 544 582 584 (Χ
604 556 631 585 a
653 556 795 585 mann
820 542 998 585 recenti
1026 541 1180 586 habet.
1340 547 1403 585 16.
1429 538 1615 602 ἀράχνῃ]

101 618 316 663 Fortasse
342 617 590 677 legendnm
619 615 740 678 ἄχνῃ,
768 617 938 662 collato
959 616 1180 676 Apollon.
1203 616 1317 677 Arg.
1338 635 1379 672 4,
1403 633 1523 675 1531.
1548 637 1623 668 μυ-

101 693 243 738 δόωσα
263 692 295 737 δ’
313 692 400 737 ἀπὸ
417 691 551 754 χροὸς
566 693 704 754 ἔρρεεν
721 691 842 754 ἄχνη.
860 692 1097 738 STRUV.
1124 693 1296 752 OpuSC.
1312 693 1401 737 VOl.
1419 710 1457 738 2.
1475 708 1516 752 p.
1529 709 1622 750 195.

167 770 220 814 P.
247 784 344 826 711,
369 786 433 824 14.
458 769 608 813 ἔκαυσε
632 767 740 830 γὰρ]
771 769 913 813 Adde
937 765 989 812 ἂν
1014 784 1121 813 cum
1147 769 1349 813 Struvio.

166 845 220 889 P.
243 860 338 902 712,
355 862 394 902 5.
416 851 463 890 et
485 862 549 899 14.
576 844 674 889 ὅντε
692 845 750 890 Ο.
771 851 825 890 ut
841 844 1088 890 Bentleius
1113 850 1376 889 correxerat
1402 860 1484 904 pro
1510 846 1622 889 οὔτε.

99 921 291 976 βουσόον
316 929 473 966 autem
502 923 546 966 in
574 921 631 966 O.
657 923 808 980 priore
850 922 951 966 loco
979 922 1185 976 βούσοον,
1210 921 1357 965 altero
1389 922 1494 976 βοῦς
1518 921 1625 966 σόον

100 999 338 1057 scriptum.
478 1013 682 1056 23.—25.
699 997 1074 1043 Annotationem
1094 999 1263 1050 iterum
1288 1013 1346 1042 ex
1364 998 1524 1058 Etym.
1537 999 1622 1053 M„

101 1080 155 1118 ut
182 1075 282 1132 jam
315 1075 362 1117 in
394 1075 696 1119 annotatione
728 1075 1039 1134 significatum
1071 1082 1154 1127 est,
1182 1075 1482 1134 compilatam
1509 1077 1565 1121 Ο.
1598 1091 1625 1120 a

100 1165 162 1194 m.
187 1151 366 1194 recenti
400 1151 446 1193 in
473 1151 682 1209 margine
707 1151 863 1195 habet.
1021 1167 1086 1206 24.
1111 1151 1309 1196 ἕσπεσθα
1336 1151 1463 1207 ὅμως]
1495 1152 1623 1196 ἐσπέ-

100 1228 204 1270 σΘαι
230 1225 389 1287 ὅμηρος
413 1232 540 1271 1'ecte
566 1227 611 1269 in
638 1226 695 1271 O.

175 1301 226 1346 P.
258 1316 353 1359 715,
382 1316 418 1359 7.
442 1301 683 1346 ’Υπόθεσιν
716 1310 976 1362 utramque,
1014 1304 1093 1348 sed
1131 1303 1294 1348 ordine
1330 1305 1513 1349 inverso
1545 1304 1626 1349 ha-

101 1379 182 1423 bet
208 1378 268 1423 O.
405 1383 484 1423 τοῦ
505 1378 768 1435 Ὀδυσσ-έως]
802 1379 964 1424 Scribe
989 1385 1063 1431 τῆς
1082 1379 1324 1428 Ὀδυσσέως
1349 1396 1407 1425 ex
1433 1380 1490 1426 O.

170 1454 220 1498 P.
244 1460 338 1511 716,
367 1473 407 1513 3.
434 1456 500 1512 <in
534 1455 709 1500 scholio
740 1457 799 1500 ab
825 1456 953 1500 Aldo
979 1458 1168 1516 omisso)
1195 1454 1417 1520 ἐβάδιζον]
1462 1457 1624 1503 Scribe

101 1531 358 1593 ἐπορεύοντο
385 1548 444 1576 ex
471 1533 528 1576 O.
701 1550 742 1586 4.
770 1531 1096 1591 ἀνεπάλλοντο]
1127 1531 1381 1578 ἐπάλλοντο
1408 1535 1465 1579 Ο.
1482 1541 1624 1580 reete.

103 1613 143 1653 6.
186 1607 306 1659 δῆθεν
347 1609 578 1665 ἐκινοῦντο]
628 1609 939 1654 scribendum
987 1608 1030 1654 δὲ
1071 1609 1186 1668 ἄγαν
1233 1612 1421 1655 ἱκνοῦντο
1463 1627 1523 1655 eX
1566 1612 1623 1657 O.

105 1698 142 1741 7.
177 1684 345 1744 ταχέων
387 1685 644 1744 ‘typothetae
686 1692 758 1729 est
799 1701 880 1744 pI'O
918 1687 1098 1747 ταχέως.
1322 1692 1386 1731 16.
1421 1687 1515 1731 ἀντὶ
1547 1691 1627 1731 τοῦ

104 1776 195 1805 om.
226 1761 294 1804 H.-
495 1766 562 1805 26.
602 1761 713 1805 Non
750 1761 892 1805 habet
931 1761 992 1806 H.
1195 1779 1263 1820 31.
1289 1779 1357 1821 32.
1397 1763 1627 1808 Deleatur

104 1838 346 1881 annotatio
373 1852 431 1881 ex
457 1836 614 1896 Etym.
637 1836 708 1880 M.
729 1853 772 1896 p.
794 1842 886 1890 168,
909 1855 971 1895 15.
992 1839 1122 1883 illata
1147 1855 1284 1897 quam
1311 1856 1337 1884 a
1362 1855 1422 1882 m.
1450 1840 1627 1884 recenti

105 1913 247 1957 habet
277 1913 320 1957 O
523 1930 591 1971 31.
629 1913 760 1970 ἆτύω]
803 1913 858 1958 τὸ
893 1912 1108 1975 ταράσσω
1144 1916 1274 1959 addit
1299 1917 1369 1968 O„
1397 1923 1449 1960 nt
1474 1922 1544 1961 est
1579 1917 1627 1960 in

106 1989 266 2048 Etym.
293 1988 368 2033 M.

174 2065 225 2109 P.
248 2080 347 2123 717,
376 2081 412 2110 2.
441 2063 798 2126 ψηφολόγητον]
831 2065 1168 2129 ψηφολογητόν
1196 2067 1257 2111 Η.
1450 2087 1489 2128 3.
1516 2069 1626 2130 ἀμφ’

106 2139 254 2197 αὑτὸν]
288 2141 404 2203 ἀμφὶ
430 2141 500 2193 μὶν
527 2141 590 2185 Η.
795 2160 862 2189 21.
887 2141 1025 2206 μάζα]
1059 2144 1236 2189 Rectus
1268 2151 1487 2190 accentus
1511 2143 1630 2208 μᾶζα

108 2224 178 2262 est
398 2235 465 2274 24.
496 2218 533 2262 εἴ
563 2239 628 2266 τις
664 2220 710 2262 οὕ
743 2217 950 2281 φυλάξει]
995 2221 1155 2266 Scribe
1188 2219 1280 2272 ἥτις
1312 2222 1359 2265 οὐ
1389 2219 1632 2282 φυλάσσεις

108 2310 167 2338 ex
194 2293 256 2338 H.
464 2311 529 2352 25.
557 2293 718 2340 Verba
754 2311 812 2340 ex
846 2295 909 2341 H.
946 2297 990 2340 in
1029 2299 1333 2342 annotatione
1370 2305 1632 2343 memorata

108 2371 338 2430 adscripta
374 2379 482 2415 sunt
518 2372 573 2415 ad
614 2371 735 2432 ὄφρα
772 2371 920 2424 ’ἴδωμαι
960 2374 1006 2416 in
1045 2375 1266 2433 margine.
1473 2390 1539 2431 27.
1564 2376 1625 2431 τ’]

109 2448 150 2505 ’γ’
173 2447 234 2491 H.
437 2465 506 2505 31.
532 2465 600 2506 32.
636 2447 828 2509 ἄντικρυς
853 2457 900 2493 Gt
927 2448 1150 2512 ἐγνώριζεν
1177 2467 1267 2495 om.
1297 2450 1358 2495 H.
1562 2469 1631 2510 33.

109 2524 282 2579 ὡμοίου]
314 2524 464 2573 ὁμοίου
492 2524 553 2569 H.

176 2600 230 2643 P.
255 2604 349 2656 718,
376 2616 417 2657 5.
457 2600 570 2644 Post
602 2601 760 2661 ἔρωτος
794 2603 969 2647 excidit
998 2603 1058 2647 V.
1195 2604 1529 2665 ἀλλοτριοῦσαι,
1557 2606 1631 2648 cui

111 2677 358 2720 (ΣΙ-1111191115
382 2679 597 2735 apposuit
624 2687 647 2701 ⁶·
665 2675 770 2727 sies
796 2687 863 2723 est
890 2680 1093 2724 secunda
1123 2696 1316 2739 persona
1340 2682 1466 2724 verbi
1494 2681 1631 2725 (Τιλλο-

110 2757 310 2813 τριοῦμαι
354 2769 411 2797 ex
462 2769 588 2797 more
635 2756 907 2800 recentioris
950 2756 1211 2802 Graecitatis
1259 2773 1340 2817 pro
1382 2758 1631 2818 ἰιλλοτριοῖ.

118 2845 180 2885 17.
205 2829 575 2889 ἀνεστραμμένως]
598 2829 944 2891 (ἰνεσ-τρεμμὲνως
971 2832 1034 2876 H.

180 2905 232 2948 P.
254 2922 347 2963 719,
371 2923 405 2949 Ι.
431 2907 639 2966 σκληρόν]
665 2907 806 2952 Adde
828 2907 882 2953 τὸ
907 2910 964 2961 μὴ
988 2909 1110 2971 τέρεν
1136 2926 1194 2955 ΘΧ
1217 2910 1278 2954 H.
1454 2913 1630 2952 8.—10.

115 2979 220 3024 Hoc
246 2982 453 3026 scholion
480 2985 622 3027 etiam
647 2984 702 3028 O.
730 2985 883 3038 habet,
910 2986 990 3030 sed
1017 3002 1043 3030 a
1067 3001 1127 3031 m.
1154 2987 1426 3031 recentiore.
