1907 3270
722 100 1031 138 ΟΔὙΣΣΕΙΑΣ
1071 100 1122 137 H.

1601 96 1685 135 335

223 197 458 259 τετράγυος]
490 196 694 258 τεσσάρων
717 202 832 257 γνῶν.
880 197 959 258 νγύη
983 197 1023 242 ’δὲ
1046 196 1187 259 μέτρον
1210 201 1288 257 γῆς
1310 193 1536 259 γεωργικόν.
1564 199 1618 240 V.

225 272 450 336 ε’ρειρὲδατ’]
486 294 550 336 γρ.
571 272 784 329 ἐλήλαται.
823 278 882 319 H.

223 350 514 413 ἀμφοτέρωθεν]
546 349 587 402 ἒξ
610 349 794 412 ἑκατέρου
817 349 959 412 μέρους
984 349 1041 400 εἷς
1064 349 1219 399 πλάτος
1248 346 1314 393 καὶ
1345 354 1485 409 μῆκος.
1524 352 1684 395 Β.Ε.Ρ.

158 431 219 471 ν’ὖν
241 425 497 488 πανταχόθεν.
532 430 587 470 V.

1437 500 1448 515 N

230 518 321 562 115.
357 501 497 564 ὄγχναι
531 502 715 563 λέγονται
748 499 814 547 καὶ
839 500 893 546 τὰ
921 499 1082 546 κυδώνια
1115 499 1182 546 καὶ
1206 500 1259 546 τὰ
1282 500 1383 545 ἅπια
1406 522 1459 545 τα
1482 498 1613 562 ἥμεροί
1641 520 1684 545 τε
1699 522 1720 560 5

213 577 224 593 ἱ
273 579 285 595 N
321 579 339 596 'l
511 579 520 594 9
559 577 570 594 Χ
643 585 660 593 Ν
694 577 712 594 ’l
873 579 886 593 Χ
951 577 963 592 Ι
1148 574 1158 591 ἵ
1214 576 1226 592 Χ
1269 577 1278 592 9
1364 574 1375 591 Ι

157 600 295 625 καιτοι
312 601 448 643 αγρια.
496 599 572 624 απο
593 600 661 624 του
685 599 830 640 αγχειν
849 577 888 624 δε
912 598 1065 639 γινεται
1091 598 1157 622 και
1183 599 1236 622 τα
1254 584 1480 639 αμφοτερα.
1511 581 1683 623 Β.Ε.Θ,.

225 655 266 702 οὖ
298 661 491 707 κυκλικῶς
522 655 576 700 τὰ
612 655 772 701 ἐπίθετα
807 655 1104 717 προσέρριπται,
1136 654 1231 698 ἀλλ’
1257 654 1428 699 ἑκάστου
1463 653 1609 715 δένδρου
1641 651 1685 698 τό

212 760 252 795 Ρ.
276 771 367 807 334,
393 771 455 796 21.
477 760 614 808 μέτρων]
637 764 759 806 μετρῶν
778 759 822 796 P.

212 815 354 861 ἕργνιῶν]
379 815 484 861 ὃργιῶν
505 813 545 849 Ρ.
595 812 754 849 Correxl
777 826 822 849 ex
844 813 890 849 H.

159 866 221 914 qui
250 866 329 901 sola
354 866 469 902 verba
492 869 661 913 τεσσάρων
679 869 805 914 ὀργυιῶν
825 867 890 902 ha-

157 920 233 955 bet.
291 920 408 955 Recte
432 920 605 955 Eustath.
629 932 664 967 p.
691 930 805 967 1572,
832 920 891 956 18.

158 974 331 1019 τετροίγυος
357 973 389 1008 δὲ
419 972 450 1008 οῧ
480 975 607 1016 ἑκάστη
637 977 698 1008 τῶν
724 975 893 1020 τεσσάρων

157 1029 296 1072 πλευρῶν
318 1028 395 1073 «γύην
418 1023 516 1071 εἶχεν,
538 1027 590 1060 ἵνα
609 1022 629 1073 ᾖ
649 1028 891 1074 τετράπλεθρος,

157 1080 259 1127 φασὶ,
283 1081 487 1125 τετράγωνος,
510 1078 698 1125 ι’σότλευρος.

224 1132 264 1167 Ρ.
287 1142 378 1179 335,
400 1144 438 1178 4.
470 1132 693 1178 πανταχόθεν]
739 1134 895 1168 πάντοθεν

158 1185 392 1221 Eustathius.

213 1246 248 1286 5.
270 1237 372 1285 ἄπιοι]
397 1238 613 1285 Legebatur
627 1240 758 1273 ἀπῖδια.
801 1237 894 1273 Cor-

158 1291 240 1327 rexi
261 1304 307 1327 ex
330 1291 529 1327 Eustathio
549 1303 584 1339 p.
607 1300 721 1338 1572,
744 1302 807 1337 32.
835 1291 896 1326 ubi

159 1345 178 1389 ἦ
199 1348 299 1392 ἀγρία
319 1344 421 1386 ἄπιος.

217 1409 250 1444 7.
271 1402 303 1433 οὗ
322 1400 608 1439 κυκλικῶς-ἀλλ’
627 1397 753 1433 om.T.

215 1451 374 1487 Locutio
408 1455 439 1486 οὐ
473 1454 627 1488 κυκλικῶς
658 1451 807 1497 integra
839 1455 896 1486 est

161 1513 250 1541 sane
279 1504 339 1540 hic
362 1509 405 1540 ut
432 1516 543 1551 supra
562 1504 609 1539 ad
629 1506 656 1545 δ,
682 1503 770 1549 248.
828 1503 895 1538 Di-

161 1558 256 1594 citur
281 1558 326 1593 de
354 1570 406 1599 re,
428 1570 508 1604 quae
537 1557 592 1599 fit,
614 1557 673 1593 vel
699 1557 745 1593 de
765 1557 893 1600 verbo,

161 1612 262 1659 quod
298 1617 500 1658 usurpatur
536 1623 636 1646 ‘more
676 1623 744 1645 mm
783 1609 896 1645 trala-

161 1665 258 1706 ticio,
289 1664 442 1700 ductum
476 1663 611 1699 exinde
641 1664 741 1710 quod
774 1667 805 1699 ἐν
834 1668 897 1704 τοῖς

161 1720 283 1758 κύκλοις
302 1717 475 1753 homines
501 1717 685 1753 tralaticia
708 1722 746 1753 et
769 1716 895 1752 trivia-

161 1771 210 1806 lia
231 1771 334 1818 loqui
353 1771 489 1806 solent.
547 1770 692 1806 Eodem
721 1770 895 1817 pertinet,

162 1824 334 1865 arbitror,
363 1824 411 1859 ad
436 1840 470 1865 π,
495 1836 580 1871 19¹·
601 1830 638 1860 et
658 1839 685 1871 ρ,
705 1834 765 1871 25.
793 1835 895 1858 com-

161 1883 371 1913 memorata
390 1878 408 1921 ἦ
429 1877 574 1920 κυκλικὴ,
596 1877 801 1913 tralaticius
821 1882 895 1911 tex-

163 1936 233 1972 tus,
272 1931 421 1979 vulyata
458 1930 574 1971 lectio,
615 1930 632 1973 ἦ
670 1930 766 1972 κοινή.
841 1929 898 1964 De

164 1984 281 2031 Cyclo
310 1996 397 2019 vere
427 1983 521 2018 dixit
548 1983 718 2030 Heynius
739 1983 829 2018 Exc.
853 1983 899 2018 ad

163 2037 255 2072 AEn.
281 2049 316 2078 2,
340 2045 430 2085 297.
452 2049 644 2083 nunquam
668 2036 742 2071 tale
765 2048 899 2082 corpus

163 2090 325 2138 plurium
346 2095 541 2137 poetarum
562 2089 667 2124 aliter
687 2089 899 2124 confectum

162 2144 276 2179 fuisse
307 2156 417 2191 quam
453 2148 494 2178 ut
533 2142 800 2190 grammaticus
834 2142 897 2177 ali-

164 2197 246 2244 quis
272 2209 402 2232 eorum
427 2208 623 2231 recensum
650 2208 715 2231 seu
738 2195 899 2231 indicem

162 2250 293 2286 fecerit
311 2263 318 2284 :
360 2261 472 2296 quare
506 2249 698 2284 Boeckhio
737 2248 783 2284 de
821 2249 897 2284 edi-

163 2303 266 2339 tione
284 2316 364 2350 quae
385 2315 469 2338 cum
491 2302 624 2337 ceteris
646 2302 765 2349 poetis
787 2302 897 2350 cycli-

164 2356 218 2392 cis
256 2355 473 2392 circumlata
511 2355 570 2396 sit,
607 2355 784 2390 accedere
823 2367 899 2390 non

164 2421 332 2456 possum.
365 2407 654 2444 HEINRICH.
706 2407 900 2444 Huncvo-

165 2462 219 2498 cis
233 2466 385 2501 κυκλικῶς
401 2474 562 2502 sensum,
579 2474 689 2508 quem
705 2461 766 2497 hic
783 2462 898 2508 potis-

166 2515 302 2550 simum
321 2515 424 2550 locus
444 2519 591 2549 tantum
611 2526 687 2550 non
708 2515 900 2562 porrigere

165 2568 325 2608 videtur,
342 2568 420 2614 ipse
436 2567 649 2602 Boeckhius
670 2573 708 2603 et
723 2580 795 2615 ego
815 2580 900 2615 per-

167 2621 384 2656 videbamus
402 2635 410 2661 ;
438 2620 503 2655 sed
524 2625 678 2667 propter
694 2621 899 2656 obscurita-

166 2681 244 2710 tem
266 2686 346 2720 quae
367 2679 536 2708 remanet
556 2672 594 2707 in
614 2673 726 2719 priori
751 2674 834 2708 loco
855 2673 902 2708 ad

167 2729 196 2768 ὃ,
221 2726 310 2774 248.
333 2725 505 2772 equidem
532 2725 699 2771 proferre
728 2726 901 2762 nolebam

168 2792 250 2828 quae
270 2785 401 2827 postea
415 2778 572 2813 forsitan
590 2779 828 2814 retractanda
844 2791 902 2814 es-

169 2839 265 2869 sent.
324 2832 426 2867 Nam
446 2831 534 2878 quid
557 2836 613 2866 est
637 2831 710 2866 illic
729 2833 902 2877 ὀνομαστι-

168 2890 228 2927 κῶς
246 2883 458 2931 ἀκουόμενονῗ
499 2884 555 2919 An
576 2883 675 2919 idem
695 2884 795 2931 quod
815 2884 904 2920 alias

948 758 1047 805 ’ὄνομα
1063 761 1161 806 κύριον
1176 758 1189 793 ?
1231 758 1366 805 [Recte
1383 758 1560 805 intelligit
1574 758 1684 794 Butt-

950 825 1122 853 mannus,
1152 812 1222 847 etsi
1250 824 1326 847 non
1350 811 1442 846 vidit
1470 813 1687 856 ὀνομαστικῶς

949 866 1083 901 vitiose
1112 878 1180 912 pro
1203 867 1393 909 ὀνοματικῶς
1418 864 1597 911 scriptum
1625 876 1684 899 es-

951 920 1023 966 se.]
1086 919 1172 954 Hoc
1198 924 1298 954 certe
1329 918 1538 954 scholiastae
1558 918 1684 959 verba,

950 985 1030 1020 quae
1051 978 1178 1007 tamen
1199 972 1236 1006 in
1258 972 1315 1007 his
1327 969 1543 1017 ’ὂς-ἀχρεῖος
1558 983 1684 1006 emen-

950 1025 1110 1061 dationis
1140 1025 1262 1061 adhuc
1299 1024 1469 1072 indigere
1497 1024 1685 1064 videntur,

951 1092 1027 1115 non
1057 1079 1146 1114 satis
1175 1079 1272 1114 clare
1302 1078 1518 1124 loquuntur.
1577 1078 1626 1112 Et
1655 1077 1687 1112 si

951 1133 1003 1168 ita
1032 1137 1100 1173 est,
1124 1131 1280 1167 nimium
1311 1143 1399 1166 sane
1429 1131 1577 1171 mirum,
1600 1143 1684 1165 sen-

952 1199 1034 1221 sum
1054 1186 1159 1220 vocis
1180 1185 1334 1232 alicujus
1355 1184 1631 1232 appellativum,
1649 1188 1687 1219 et

951 1251 1037 1274 eum
1067 1238 1217 1285 quidem
1255 1242 1391 1284 praeter
1426 1249 1536 1284 quem
1574 1237 1687 1271 alium

951 1304 1029 1327 non
1055 1291 1242 1331 novimus,
1264 1296 1442 1337 tanquam
1462 1290 1688 1325 tralaticium

952 1350 989 1380 et
1010 1345 1203 1392 vulgarem
1228 1343 1367 1391 opponi
1392 1343 1535 1378 nomini
1564 1343 1686 1378 homi-

952 1398 1009 1434 nis
1030 1398 1186 1446 alicujus
1206 1397 1369 1444 proprio.
1424 1397 1566 1431 Tamen
1588 1396 1688 1443 quod

953 1452 1145 1500 eleganter
1163 1450 1224 1486 hic
1241 1463 1262 1485 a
1276 1450 1356 1485 viro
1377 1450 1601 1485 amicissimo
1622 1462 1688 1484 ex-

952 1505 1116 1552 positum
1132 1510 1201 1543 est,
1219 1515 1389 1551 premere
1409 1515 1453 1538 eo
1468 1503 1591 1538 minus
1607 1515 1688 1537 sus-

951 1558 1129 1601 tinebam,
1151 1570 1224 1605 quo
1254 1557 1375 1604 magis
1402 1556 1606 1592 etiamnum
1635 1555 1689 1590 illi

951 1611 1054 1647 vocis
1070 1615 1222 1651 κυκλικῶς
1238 1610 1459 1657 expositioni
1475 1609 1593 1644 faveo.
1630 1608 1688 1644 Si..

953 1665 1031 1700 mul
1056 1670 1181 1700 autem
1209 1663 1316 1710 cupio
1337 1668 1378 1698 ut
1398 1663 1445 1698 ad
1472 1667 1688 1697 sustentan-

954 1718 1040 1753 dam
1061 1730 1144 1753 ealn
1164 1729 1211 1752 eX
1238 1716 1296 1751 his
1322 1718 1538 1761 ὀνομαστικῶς
1557 1732 1587 1751 κ.
1609 1731 1641 1750 τ.
1663 1718 1688 1750 ἑ.

954 1770 1232 1818 exquisitiorem
1263 1769 1424 1816 aliquam
1448 1769 1551 1804 vocis
1580 1767 1692 1811 ὃέκτης

954 1837 1104 1860 sensum
1144 1823 1338 1870 exsculpat
1375 1822 1519 1869 aliquis.
1588 1821 1690 1865 Quin

954 1877 1032 1924 ipse
1067 1877 1146 1924 jam
1183 1889 1228 1912 ex
1264 1875 1464 1911 collatione
1498 1887 1583 1910 cnm
1621 1874 1691 1910 hac

954 1943 1058 1970 voce,
1078 1930 1173 1965 illius
1194 1929 1344 1965 alterius
1362 1941 1521 1975 quoque,
1544 1929 1690 1971 κυκλική,

954 1984 1111 2019 eandem
1127 1996 1238 2030 quam
1254 1981 1494 2018 Heinrichius
1510 1993 1609 2016 nunc
1626 1993 1692 2016 ex-

954 2037 1206 2084 plicationem,
1229 2048 1295 2084 per
1318 2035 1574 2082 conjecturam
1603 2046 1690 2081 pro-

955 2102 1094 2137 ponere
1126 2089 1344 2124 volueram:
1387 2088 1453 2123 sed
1488 2087 1527 2122 in
1561 2099 1601 2122 re
1634 2086 1692 2121 in-

956 2149 1058 2179 certa
1079 2142 1259 2178 Boeckhii
1280 2141 1404 2188 opinio
1428 2146 1607 2188 tanquam
1628 2151 1691 2175 ve-

955 2195 1144 2231 risimilior
1183 2208 1222 2231 se
1258 2194 1352 2230 mihi
1390 2193 1691 2233 commendabat,

957 2250 1131 2297 quoniam
1156 2261 1231 2284 vox
1260 2261 1304 2284 eo
1334 2260 1457 2289 sensu,
1489 2253 1530 2282 ut
1559 2247 1597 2282 in
1623 2250 1692 2290 Θη-

955 2305 1032 2347 βαΐς
1050 2303 1068 2346 ἡ
1089 2303 1235 2345 κυκλικὴ,
1257 2300 1478 2349 pervulgata
1501 2306 1572 2341 est,
1593 2299 1693 2334 illius

956 2362 1081 2392 autem
1111 2368 1200 2390 usus
1229 2367 1303 2403 quo
1333 2355 1351 2398 ἦ
1380 2354 1475 2397 κοινὴ,
1506 2353 1524 2397 ἡ
1554 2355 1694 2399 δημώδης

957 2409 1058 2444 dicta
1087 2408 1134 2444 sit
1162 2409 1180 2452 ’ἦ
1211 2409 1344 2450 κυκλικὴ
1374 2406 1575 2454 vestigium
1609 2406 1691 2440 nul·

955 2462 1059 2497 lum:
1097 2461 1168 2496 nisi
1199 2461 1307 2502 forte,
1343 2460 1444 2507 quod
1477 2459 1623 2495 ratione
1656 2464 1694 2494 et

957 2515 1180 2551 auctoritate
1220 2526 1296 2549 non
1336 2518 1473 2552 careat,
1512 2512 1595 2561 ipsa
1631 2512 1695 2547 illa

956 2570 1096 2604 κυκλικὰ
1115 2566 1174 2611 ἔπη
1195 2567 1240 2602 ab
1261 2567 1457 2602 hominum
1476 2568 1600 2606 κύκλοις
1615 2564 1691 2600 dic-

956 2627 993 2657 ta
1022 2626 1178 2662 statuas,
1202 2626 1239 2656 et
1265 2620 1312 2655 ad
1334 2619 1433 2655 idem
1460 2619 1511 2653 sic
1538 2624 1693 2664 utraque

959 2674 1145 2710 sententia
1159 2673 1299 2709 redeat.
1340 2671 1526 2718 Quicquid
1542 2675 1612 2710 est,
1628 2670 1694 2705 ab-

954 2727 1069 2774 jicere
1107 2739 1180 2774 ego
1219 2725 1401 2762 Boeckhii
1439 2724 1693 2770 conjecturam

957 2792 1058 2815 nunc
1086 2792 1234 2827 quoque
1263 2779 1416 2814 minime
1448 2788 1610 2824 possum,
1632 2775 1694 2822 qui

959 2832 1074 2868 sciam
1093 2839 1171 2868 tam
1191 2832 1389 2867 obscuram
1416 2841 1497 2864 esse
1520 2827 1623 2863 illam
1648 2828 1694 2863 de

961 2885 1078 2933 Cyclo
1105 2885 1312 2925 materiam,
1340 2889 1380 2918 ut
1406 2880 1518 2917 meris
1545 2880 1692 2927 conjec-
