1917 3183
602 483 654 543 P
682 482 742 543 R
774 482 861 543 AE
894 482 947 543 F
975 482 1035 542 A
1064 481 1113 541 'l‘
1145 481 1176 541 I
1205 483 1280 541 ().

181 767 497 848 SCHOLIA
536 809 694 847 vetera
732 803 775 846 in
816 802 1073 863 Odysseam
1111 803 1197 846 etsi
1235 817 1294 846 ex
1332 801 1497 845 iisdem
1534 801 1701 859 quibus

177 878 350 923 scholia
391 879 436 923 in
479 877 674 923 Iliadem
718 880 1066 924 commentariis
1102 878 1513 939 grammaticorum
1551 874 1702 921 Alex-

176 955 477 999 andrinorum
516 956 724 1000 derivata
758 970 858 1000 esse
893 961 1088 1007 constat,
1123 962 1279 999 tamen
1313 969 1340 997 a
1374 953 1702 1013 grammaticis,

176 1032 253 1089 qui
287 1030 384 1075 haec
410 1040 634 1090 excerpta
658 1038 1022 1090 composuerunt
1050 1031 1356 1090 plurimisque
1385 1029 1702 1075 recentiorum

175 1109 485 1167 interpretum
529 1109 864 1153 additamentis
905 1117 1151 1161 auxerunt,
1189 1109 1341 1152 multo
1381 1109 1527 1167 magis
1563 1122 1702 1165 quam

177 1187 353 1231 scholia
378 1188 424 1231 in
446 1187 643 1231 Iliadem
669 1188 1045 1246 compendifacta
1069 1193 1189 1240 sunt,
1210 1187 1460 1246 praesertim
1485 1187 1530 1229 in
1557 1185 1703 1230 altera

177 1262 397 1322 Odysseae
429 1270 576 1322 parte,
612 1264 689 1308 ubi
723 1263 897 1308 scholia
932 1263 1174 1323 paullatim
1209 1264 1275 1307 ita
1307 1263 1532 1307 deficiunt
1564 1268 1618 1307 ut
1644 1262 1703 1307 ad

177 1345 433 1398 postremas
459 1340 728 1399 rhapsodias
761 1355 908 1399 pauca
932 1341 1258 1392 recentiorum,
1284 1340 1562 1399 paucissima
1585 1339 1705 1383 anti-

175 1416 389 1474 quiorum
416 1416 695 1461 scholiorum
726 1423 947 1475 excerpta
972 1417 1134 1461 relicta
1158 1418 1266 1471 sint,
1284 1417 1482 1475 jactura,
1502 1422 1556 1459 ut
1576 1415 1704 1460 vide-

176 1501 263 1545 tur,
306 1493 605 1552 irreparabili,
651 1509 793 1552 quum
833 1494 930 1552 jam
978 1492 1211 1538 Eustathii
1257 1493 1545 1553 temporibus
1587 1491 1701 1535 nulli

175 1584 371 1628 usquam
414 1571 597 1615 codices
639 1571 873 1614 exstitisse
917 1570 1163 1614 videantur
1205 1571 1282 1628 qui
1332 1570 1505 1614 scholia
1553 1571 1702 1613 multo

176 1660 314 1704 quam
351 1647 495 1690 nostri
528 1654 609 1690 aut
639 1646 948 1705 locupletiora
971 1653 1052 1690 aut
1078 1647 1398 1691 emendatiora
1430 1646 1701 1704 praeberent.

176 1722 389 1779 qualibus
414 1723 700 1780 antiquiores
724 1723 1016 1782 grammatici
1042 1724 1108 1766 usi
1135 1731 1257 1775 sunt,
1275 1722 1403 1766 velut
1422 1722 1702 1774 Athenaeus,

176 1796 455 1855 Apollonius
487 1797 705 1856 Sophista
735 1799 779 1841 in
814 1797 991 1842 Lexico
1019 1798 1286 1851 Homerico,
1319 1798 1585 1857 Stephanus
1610 1797 1702 1857 By-

175 1875 367 1925 zantius,
401 1873 833 1933 Etymologicorum
871 1875 1150 1927 conditores,
1187 1875 1358 1933 aliique
1394 1874 1701 1934 grammatici,

175 1950 252 2007 qui
279 1951 534 1993 multarum
561 1965 715 1995 rerum
747 1951 1018 1995 memoriam
1044 1956 1287 1995 servarunt
1310 1966 1412 2009 quae
1436 1951 1483 1993 in
1517 1949 1702 1994 scholiis

175 2025 394 2085 Odysseae
419 2026 574 2084 qualia
599 2042 721 2071 nunc
746 2026 972 2071 habemus
998 2027 1335 2071 desiderantur.
1399 2025 1576 2070 Contra
1601 2042 1702 2084 quae

175 2102 454 2148 Eustathius
493 2119 553 2148 ex
592 2104 777 2149 scholiis
820 2105 1064 2163 excerpsit,
1104 2105 1330 2163 prioribus
1368 2104 1701 2162 interpretibus

173 2181 314 2224 modo
344 2196 437 2225 non
470 2181 739 2226 memoratis
775 2181 913 2225 modo
943 2181 1179 2225 communi
1205 2184 1289 2225 τῶν
1315 2184 1602 2241 σχολιαστῶν
1626 2181 1701 2226 vel

172 2260 254 2300 τοῦ
277 2260 560 2316 σχολιαστοῦ
584 2256 657 2301 Vel
682 2259 766 2300 τῶν
790 2260 987 2300 παλαιῶν
1011 2257 1202 2301 nomine
1232 2256 1493 2317 appellatis,
1519 2272 1573 2301 ea
1598 2263 1700 2302 tan-

173 2340 274 2376 tum
318 2349 407 2377 nou
453 2334 625 2385 omnia,
663 2334 751 2378 etsi
790 2333 1027 2377 interdum
1072 2335 1222 2378 miuus
1264 2341 1390 2378 recte
1429 2335 1611 2393 scripta,
1652 2336 1700 2379 in

174 2409 412 2453 codicibus
448 2410 525 2467 qui
570 2409 709 2453 hodie
752 2416 1002 2468 supersunt
1040 2411 1369 2455 inveniuntur:
1412 2410 1590 2469 reliqua
1625 2411 1698 2456 vel

174 2485 316 2543 ipsius
343 2485 577 2529 Eustathii
605 2491 726 2537 sunt,
753 2486 798 2529 in
835 2485 1064 2531 rhetorica
1096 2488 1388 2545 potissimum
1423 2488 1700 2547 interpreta-

175 2561 301 2604 tione
327 2562 552 2620 occupati‚
580 2562 654 2606 vel
685 2562 959 2606 adventiciae
985 2562 1206 2606 doctrinae
1238 2564 1382 2622 copiis
1413 2571 1642 2617 constant,
1673 2580 1700 2608 a

174 2637 408 2695 proposito
449 2652 570 2696 saepe
608 2637 786 2689 alienis,
817 2637 987 2695 quibus
1026 2637 1300 2683 Eustathius
1339 2641 1698 2684 commentarios

173 2727 278 2756 suos
307 2713 355 2756 in
386 2712 651 2757 Homerum
690 2714 934 2758 exornavit
972 2720 1019 2758 et
1054 2714 1111 2758 ad
1150 2721 1327 2759 tantam
1362 2731 1452 2774 qua
1488 2715 1698 2760 laborant

173 2787 345 2832 molem
370 2789 516 2832 auxit.
577 2787 714 2834 Licet
739 2789 882 2849 igitur
901 2790 978 2832 vix
1005 2792 1176 2848 sperari
1204 2791 1346 2849 possit
1372 2791 1468 2835 fore
1489 2797 1541 2834 ut
1567 2790 1696 2834 scho-

174 2862 233 2907 lia
269 2869 426 2908 vetera
467 2865 618 2909 multo
660 2881 799 2923 quam
844 2880 968 2909 nunc
1010 2866 1263 2926 integriora
1305 2882 1507 2925 unquam
1553 2867 1695 2910 simus

890 2957 913 2985 a
942 2946 969 2985 2
