1907 3270
221 129 365 173 xxxvi
774 118 1181 166 PRAEFATIO.

288 242 341 287 P.
364 256 435 300 59,
460 258 499 299 3.
535 238 642 283 ἄντα
668 234 879 299 παρειάων
904 251 993 280 om.
1022 235 1079 280 D.
1286 249 1328 292 5.
1360 231 1469 295 πρὸς
1503 233 1737 285 μεθύοντας

221 318 326 371 αὕτη
361 317 647 379 παραγίνεται
681 314 914 361 νεανίσκους
941 312 999 357 D.
1070 312 1318 357 Cramerus
1350 326 1408 355 ex
1435 309 1499 354 H.
1524 310 1738 356 ediderat

221 393 329 455 πρὸς
355 429 510 438 .....
538 392 667 454 θύραν
690 396 765 442 τῆς
794 391 921 442 αὕλης
946 389 1053 445 (hoe
1081 390 1297 446 accentu)
1324 386 1614 448 παραγίνεται
1648 406 1739 431 νεα-

219 470 386 517 νίσκοις.
589 483 627 524 7.
661 466 935 511 ἀπολέλοιπε
967 464 1105 523 plene
1135 462 1359 521 seriptum
1384 462 1432 506 in
1457 459 1517 506 D.
1588 460 1647 505 In
1672 459 1736 505 H.

219 546 365 591 literae
390 545 532 589 ἁπολε
554 580 562 588 .
586 579 594 587 .
617 579 625 587 .
646 547 909 602 supersunt.
1085 556 1149 583 11.
1175 536 1254 586 τὰς
1279 538 1499 599 ἐλευθέρας
1518 537 1577 581 D.
1623 536 1738 582 ὥστε

219 620 297 670 τὰς
321 621 541 682 ἐλευθέρας
568 619 630 664 H.
805 634 867 663 12.
894 615 937 660 δὲ
964 615 1024 659 D.
1072 636 1122 660 τε
1149 613 1211 658 H.
1395 631 1459 672 13.
1485 632 1738 673 συνευωχου-

218 699 318 751 μένη
346 697 409 741 Η.
457 696 765 758 συνευωχημένη
790 694 849 739 D.
1094 710 1156 749 14.
1183 691 1491 743 συνεστιωμένη
1517 689 1576 734 D.
1622 709 1739 734 συνε-

219 775 421 826 σθιομένη
450 773 510 819 H.
719 776 781 816 18.
808 768 1050 831 ἀμφάδιον]
1082 766 1287 831 ἀμφαδὸν
1313 766 1373 812 D.
1579 783 1642 824 19.
1669 763 1738 810 οὖν

219 852 342 898 ὄντος
376 858 470 899 ταῖς
506 849 822 909 γεγαμημέναις
857 846 918 890 H.
967 847 1091 894 ὄντος
1127 844 1195 889 οὖν
1232 851 1328 892 ταῖς
1364 843 1646 903 ’γαμηθείσαις
1677 842 1737 886 D.

222 945 287 974 20.
324 935 417 975 τοῖς
453 924 653 987 ἀνδράσι]
695 931 786 972 τοῖς
822 940 913 968 om.
940 922 999 967 D.
1141 928 1234 971 τοῖς
1269 919 1528 972 συμποσίοις
1554 919 1612 963 D.
1638 920 1738 964 Sine

219 1005 397 1049 lacuna.
446 1010 539 1051 τοῖς
565 1039 573 1047 .
602 1039 610 1047 .
639 1039 647 1047 .
677 1039 684 1046 .
711 1000 971 1053 συμποσίοις
998 999 1060 1045 H.
1127 998 1341 1044 Fortasse
1377 998 1520 1058 igitur
1543 1003 1636 1046 τοῖς
1668 997 1738 1041 αὗ-

218 1084 302 1126 τῶν
325 1080 584 1132 συμποσίοις
608 1079 918 1124 scribendum.
1140 1092 1204 1121 21.
1236 1074 1350 1119 οὐδὲν
1374 1074 1516 1119 habet
1546 1073 1619 1126 D.,
1643 1088 1735 1118 om.

221 1156 284 1200 H.
322 1158 366 1200 in
404 1156 583 1201 lacuna.
643 1155 777 1199 Conf.
809 1169 850 1212 p.
882 1158 949 1205 66,
976 1158 1015 1196 6.
1225 1168 1292 1197 22.
1327 1150 1384 1195 τό
1418 1152 1460 1194 τ’
1485 1150 1737 1211 αὐτουργεῖν

217 1233 375 1291 scripsi
411 1247 494 1292 pro
521 1230 576 1275 τὸ
609 1236 905 1291 ταυτουργεῖν,
933 1230 1055 1288 quod
1086 1234 1157 1273 eSt
1186 1229 1231 1271 in
1260 1226 1322 1271 H.
1375 1225 1429 1270 τὸ
1454 1232 1737 1285 ταυτουργεῖν

217 1307 261 1353 δὲ
286 1309 344 1353 D.
545 1308 799 1368 ἐλευθέριον]
833 1307 910 1351 Sic
947 1322 1038 1350 non
1077 1305 1227 1350 solum
1254 1305 1327 1357 D.,
1363 1304 1444 1348 sed
1482 1304 1625 1347 etiam
1658 1302 1735 1355 H..

217 1387 291 1429 cui
318 1385 555 1445 ἐλευθερίαν
580 1385 745 1429 tribuit
770 1384 1031 1428 Cramel'us.
1196 1398 1262 1440 23.
1287 1380 1486 1446 πλυνοὺς]
1519 1384 1654 1431 πλυνῆ
1676 1379 1735 1424 D.

219 1477 285 1515 24.
311 1459 576 1522 ὑδροφορίαν
603 1459 665 1503 Η.
712 1459 974 1521 ὑδροφορίας
999 1459 1059 1503 D.
1244 1474 1311 1515 25.
1338 1453 1608 1503 ι’σοὸουλικὰς
1631 1453 1730 1512 τὰς]

218 1535 501 1584 ι’σοόουλικοῖς
536 1535 615 1584 τὰς
649 1536 707 1580 D.
784 1536 1067 1595 Suspectum
1104 1531 1385 1587 ἶσοὸουλικὰς,
1422 1533 1501 1577 ubi
1542 1530 1736 1580 δουλικὰς

216 1613 464 1658 dic-endum
503 1619 615 1666 erat,
652 1619 699 1657 et
734 1626 1127 1671 supervacaneum
1163 1607 1255 1658 τάς.
1327 1609 1502 1655 Sensus
1539 1609 1735 1668 requirit

213 1688 284 1731 καί
317 1708 433 1736 τινας
468 1689 671 1736 τοιαύτας
700 1690 750 1736 ὡς
783 1686 977 1735 ὃουλικας
1014 1691 1077 1730 νῦν
1113 1686 1477 1741 ἆποβεβλημένας
1513 1684 1733 1734 διακονίας.

216 1767 282 1808 28.
307 1764 374 1808 καὶ
394 1763 450 1808 τὸ
475 1768 636 1809 παῦσαι
664 1763 806 1812 ἕίλλως
828 1763 890 1807 H.
939 1762 1081 1811 τ’ίλλως
1104 1762 1172 1806 καὶ
1196 1760 1251 1806 τὸ
1275 1765 1436 1806 παῦσαι
1463 1761 1525 1806 D.
1630 1760 1736 1806 ἄτο-

215 1860 296 1888 πος
321 1840 380 1885 D.
437 1840 520 1885 ἆτο
547 1875 738 1885 ......
766 1839 828 1885 Η.
878 1844 882 1848 “
1050 1855 1116 1897 29.
1153 1840 1203 1886 ὡς
1237 1836 1359 1899 παρὰ
1390 1838 1448 1882 D.
1495 1837 1643 1899 ὥσπερ
1670 1837 1734 1883 Η.

216 1933 284 1973 31.
310 1918 332 1967 ἦ
356 1916 518 1977 κλῖμαξ
542 1916 602 1961 D.
658 1919 678 1968 ἡ
704 1914 910 1975 κλῖμαξῆ
940 1915 1002 1958 Η.

283 1991 334 2035 Ρ.
361 1997 427 2044 60,
448 2009 488 2051 3.
513 1990 679 2040 πάντας
706 1991 768 2037 H.
816 1988 964 2035 πάντα
992 1990 1050 2034 D.
1186 1990 1346 2041 ταύτην
1370 1990 1517 2034 habet
1542 1989 1615 2042 D.,
1642 2004 1733 2034 om.

218 2066 279 2111 H.
476 2085 540 2113 12.
565 2068 887 2126 καλῷ-ἠέλιος
911 2067 964 2115 ὤς
987 2083 1078 2112 0111.
1105 2066 1165 2111 D.
1359 2080 1563 2124 13.—15.
1590 2067 1640 2113 ὡς
1665 2063 1734 2109 οὖν

213 2141 473 2201 -ἆποψᾶν
492 2145 554 2201 τῷ
575 2143 785 2205 κρηδέμνῳ
808 2142 866 2188 τὰ
892 2141 1068 2205 δάκρυα]
1091 2141 1207 2188 Haec
1233 2158 1325 2187 non
1349 2143 1546 2202 integra.
1604 2140 1733 2186 Nam

215 2234 368 2278 neque
393 2220 443 2267 ὡς
467 2220 609 2265 habet
633 2222 756 2279 quod
787 2222 829 2266 ei
860 2221 1137 2280 respondeat
1162 2226 1211 2264 et
1242 2224 1511 2278 suspectum
1546 2224 1616 2262 est
1649 2218 1734 2262 du-

214 2295 323 2355 plex
347 2294 405 2340 τὰ
436 2293 604 2357 δάκρυα,
630 2313 827 2355 quorum
863 2298 987 2356 prius
1014 2297 1142 2352 (ante
1175 2295 1517 2350 ἀποκαλύπτειν)
1543 2295 1579 2339 si
1605 2300 1732 2339 recte

213 2371 372 2425 habet,
409 2371 555 2417 altero
591 2373 693 2417 loeo
730 2371 839 2418 αὐτὰ
880 2374 1036 2433 potius
1072 2374 1163 2418 dici
1200 2372 1415 2417 debebat.
1485 2370 1649 2429 Atque
1684 2372 1731 2415 id

214 2447 365 2505 ipsum
390 2447 531 2493 habet
557 2449 610 2492 D.
631 2450 677 2493 in
697 2465 788 2508 quo
809 2451 1030 2509 seriptum
1055 2456 1126 2494 est
1144 2456 1206 2506 τῷ
1225 2446 1436 2510 κρηδέμνῳ
1455 2445 1565 2491 αὐτὰ
1583 2445 1731 2508 ὥσπερ

213 2522 280 2565 καὶ
305 2522 553 2583 τηλέμαχος
579 2522 761 2586 δακρύων
786 2532 888 2578 etc„
915 2526 1065 2570 verbis
1089 2525 1256 2569 mediis
1279 2521 1336 2568 τὰ
1362 2521 1532 2584 δάκρυα.
1582 2521 1637 2567 τὸ
1663 2521 1731 2566 οὖν

213 2611 361 2656 usque
401 2598 458 2642 ad
500 2596 586 2658 πρὸ
623 2603 708 2643 τῶν
743 2604 924 2661 παρειῶν
966 2599 1023 2644 τὰ
1067 2598 1223 2662 δάκρυα
1266 2600 1457 2644 omissis.
1663 2615 1729 2644 21.

213 2671 359 2733 ὥσπερ
383 2673 450 2717 καὶ
478 2673 536 2717 D.
583 2673 731 2736 ὥσπερ
756 2676 778 2719 ὁ
807 2675 869 2720 Η.
1057 2693 1123 2722 22.
1148 2677 1180 2720 ἑ.
1203 2674 1292 2736 πρὸ
1315 2678 1417 2730 τῶν]
1449 2678 1533 2719 τῶν
1558 2690 1647 2718 om.
1669 2673 1728 2719 D.

216 2765 282 2804 24.
308 2750 343 2792 εἰ
368 2747 410 2792 δὲ
432 2749 494 2793 Η.
539 2750 605 2794 καὶ
628 2750 686 2794 D.
852 2769 917 2811 25.
943 2753 1100 2797 κλαίειν
1120 2753 1190 2796 ἐπὶ
1213 2756 1297 2797 τῶν
1317 2752 1542 2812 παρόντων
1561 2767 1652 2796 0111.
1669 2752 1728 2796 D.

213 2822 491 2887 ἑταιρίζουσα
529 2824 677 2879 D.H.‚
713 2843 806 2873 11011
844 2826 1152 2890 ἑταιριζούσης,
1189 2837 1242 2874 ut
1282 2829 1405 2888 apud
1441 2828 1729 2873 Cramerum.

213 2917 282 2957 30.
307 2901 598 2957 παυσαμένου]
624 2903 893 2956 παυσομένου
920 2904 982 2950 H.
1135 2923 1204 2964 32.
1232 2905 1297 2950 καὶ
1323 2905 1538 2963 ὀτρύνειαν
1558 2918 1648 2949 om.
1667 2903 1726 2948 D.
