1907 3270
712 134 1118 179 PRAEFATIO.
1580 134 1674 177 xvii

1065 248 1087 263 '9

154 255 333 295 stanter
371 249 519 293 verbis
557 250 623 299 “15
660 250 836 308 ἱστορία
874 247 1063 310 παρὰ-
1108 248 1289 301 <addito
1325 249 1561 307 scriptoris
1598 263 1677 291 no-

153 325 301 380 mine)
333 325 584 371 finitorum.
609 325 738 369 velut
764 327 784 376 ἡ
812 325 988 384 ἶστοριά
1015 327 1115 385 παρ’
1135 322 1423 380 Ἀκουσιλάῳ,
1451 326 1471 375 ἡ
1498 324 1675 383 ἱστορία

152 399 273 461 παρὰ
297 399 586 459 Ἀντικλείδῃ,
612 407 660 445 et
696 401 759 444 SlC
796 415 932 459 porro
965 399 1084 460 παρὰ
1112 398 1456 460 Ἀπολλοδώρῳ,
1485 399 1679 451 Ἀσκλη-

152 474 296 535 πιάδῃ,
346 477 532 528 Δήμωνι,
567 475 804 532 ’Διονυσι’ῳ,
845 474 1099 536 Ἱῖροὸώρῳ,
1139 474 1352 533 ‘Ha-uida»,
1405 475 1678 536 Λυκόφρονι,

154 553 356 612 Μαρσύᾳ,
398 551 599 609 Mvao-e'q,
634 550 780 608 Νικίᾳ,
823 550 1039 611 Πινδάρῳ,
1077 550 1298 603 Πλάτωνι,
1341 550 1559 613 Προξένῳ,
1599 550 1678 595 Τι-

151 629 274 685 μαίῳ,
293 634 386 676 τοῖς
410 633 650 688 τραγικοῖς,
671 625 905 687 Φερεκύδει,
926 624 1269 687 Φιλοστεφεῖνῳ,
1289 627 1543 688 Φιλοχόρῳ,
1608 627 1680 671 Si·

151 705 349 749 millima
374 719 433 748 ex
459 704 688 748 historicis
714 703 948 747 veteribus
982 711 1204 762 excerpta
1230 704 1372 748 etiam
1404 704 1526 747 inter
1550 704 1681 748 scho—

152 781 213 826 lia
238 782 282 825 in
307 780 500 825 Iliadem
528 781 574 824 in
602 780 761 824 codice
783 778 1026 824 Marciano
1050 796 1148 836 454.
1174 779 1369 837 aliisque
1395 779 1522 823 libris
1549 796 1680 838 repe-

152 858 350 910 riuntur,
376 856 505 901 Velut
537 859 558 907 ἡ
595 857 770 916 ἶστοριά
807 854 926 916 παρὰ
944 854 1157 917 ”Ανὸρωνι
1191 856 1247 900 ad
1277 856 1331 900 Il.
1359 856 1420 909 A,
1440 872 1526 913 52„
1559 855 1677 917 παρὰ

152 932 484 994 Ἀπολλοδώρῳ
526 934 580 978 ad
624 933 683 985 A,
716 943 806 978 120.
838 948 929 990 195.
992 931 1111 993 παρὰ
1147 930 1453 991 Ἀσκληπιάδῃ
1503 936 1547 983 Z,
1587 949 1678 990 155.

152 1008 272 1070 παρὰ
303 1009 555 1066 Θεοπόμπῳ
588 1010 645 1054 ad
681 1009 742 1061 A,
773 1013 842 1067 38.
891 1007 1011 1069 παρὰ
1035 1008 1192 1065 Ῥιανῷ
1218 1008 1275 1059 Τ,
1304 1025 1396 1066 119.
1446 1007 1565 1069 παρὰ
1598 1009 1682 1053 Φε-

151 1084 306 1147 ρεκύδει
333 1085 489 1145 Z,153.
562 1085 765 1145 Didymo
796 1086 1063 1144 hujusmodi
1096 1086 1297 1130 narratio
1331 1086 1608 1129 adscribitur
1634 1087 1678 1130 in

152 1162 327 1207 scholio
350 1164 408 1208 ad
436 1162 490 1207 Il.
518 1161 580 1215 A,
602 1180 698 1221 399.
728 1163 823 1217 (ubi
860 1163 1031 1221 ἱστορεῖ
1064 1160 1251 1212 Δίδυμος
1276 1163 1455 1206 dictum
1480 1169 1532 1205 ut
1557 1163 1681 1206 ἱστο-

151 1244 218 1298 ρεῖ
239 1237 587 1301 Ἀπολλόδωρος
617 1241 663 1282 in
698 1238 872 1283 scholio
905 1238 961 1282 ad
988 1237 1050 1290 A,
1080 1242 1166 1295 42.)
1192 1254 1345 1296 neque
1375 1238 1681 1297 improbabile

153 1324 223 1359 est
254 1314 351 1359 haee
385 1331 477 1359 uuo
507 1316 664 1360 omnia
694 1330 833 1374 opere
859 1315 1062 1375 ἱστοριῶν
1087 1315 1276 1359 nomine
1307 1315 1527 1374 inscripto
1558 1330 1682 1359 com-

152 1391 381 1450 prehensa
405 1391 560 1444 fuisse,
586 1391 681 1436 sive
706 1392 750 1435 id
779 1391 970 1449 Didymi
996 1391 1092 1435 sive
1116 1390 1233 1434 alius
1258 1390 1361 1434 fuit.
1430 1391 1505 1434 Ad
1531 1390 1680 1449 Odys-

153 1482 278 1512 seam
299 1468 423 1526 quod
450 1469 636 1519 attinet,
662 1467 886 1512 nonnulla
909 1468 1075 1512 horum
1102 1473 1430 1526 excerptorum
1457 1468 1598 1512 etiam
1625 1468 1682 1511 ab

156 1544 405 1589 Eustathio
443 1545 564 1589 lecta
598 1545 802 1597 fuerunt,
827 1544 918 1589 alia
949 1545 998 1588 in
1031 1544 1198 1589 nostris
1225 1558 1412 1602 quoque
1448 1543 1683 1588 codicibus

155 1619 281 1674 H.Q.
310 1621 459 1675 (velut
500 1622 556 1665 ad
602 1619 663 1674 A,
687 1637 786 1679 5²0·
831 1619 890 1672 N,
920 1634 1012 1679 257.
1053 1619 1105 1671 Ξ,
1132 1636 1228 1678 533.
1272 1619 1328 1672 O,
1354 1625 1418 1663 16.
1452 1636 1546 1678 223.
1588 1635 1681 1678 225.

158 1696 218 1750 Π,
243 1712 342 1754 471.
378 1697 433 1750 Σ,
461 1700 550 1756 84.)
584 1697 749 1742 iisdem
785 1697 1072 1741 similibusve
1102 1697 1252 1740 verbis
1289 1703 1515 1754 concepta
1550 1711 1684 1754 repe-

157 1774 352 1826 riuntur‚
379 1773 459 1817 sed
487 1788 590 1832 pars
618 1773 823 1817 maxima
847 1773 984 1816 unius
1009 1772 1163 1816 adhuc
1198 1771 1443 1832 legebatur
1468 1772 1684 1816 editionis

157 1848 348 1893 Aldinae
374 1849 481 1894 fide.
554 1849 723 1907 Itaque
747 1863 1031 1908 magnopere
1056 1849 1312 1907 optandum
1340 1855 1440 1893 erat
1465 1855 1517 1892 ut
1538 1848 1685 1906 quali-

157 1926 242 1969 bus
266 1925 420 1970 Aldus
445 1925 492 1969 in
519 1924 604 1969 hac
629 1930 683 1968 ut
709 1925 754 1968 in
788 1924 966 1983 reliqua
989 1925 1141 1983 operis
1167 1931 1297 1983 parte
1323 1924 1545 1968 librorum
1574 1939 1684 1983 prae-

155 2002 284 2046 sidiis
305 2017 489 2060 quaque
515 2002 695 2046 ratione
721 2017 830 2045 usus
850 2008 971 2046 esset
996 2001 1368 2061 investigaretur,
1389 2001 1510 2059 quod
1537 2016 1685 2059 nuper

155 2078 269 2121 mihi
294 2078 494 2137 contigit
518 2084 705 2135 reperto
730 2078 776 2121 in
805 2077 1100 2121 Bibliotheca
1125 2076 1385 2122 Bodleiana
1410 2077 1572 2121 codice
1604 2077 1685 2120 lio-

156 2169 258 2199 rum
283 2153 564 2198 scholiorum
595 2153 933 2211 antiquissimo,
960 2154 1092 2212 cujus
1118 2168 1205 2211 ope
1236 2154 1282 2196 in
1312 2152 1434 2196 clara
1463 2153 1567 2196 luce
1593 2151 1685 2195 col-

156 2230 294 2274 locari
326 2236 479 2288 potest
511 2229 746 2287 quomodo
771 2228 928 2273 Aldus
962 2230 1008 2273 in
1042 2228 1227 2273 scholiis
1260 2229 1330 2273 his
1368 2229 1560 2273 edendis
1587 2244 1686 2271 ver-

156 2311 281 2349 satus
314 2305 387 2357 sit,
422 2305 545 2363 quod
583 2319 676 2348 non
714 2305 927 2364 praestitit
965 2304 1215 2349 Barnesius
1253 2304 1363 2349 licet
1399 2304 1592 2355 duobus,
1626 2304 1684 2347 dc

156 2382 324 2440 quibus
350 2396 486 2440 supra
511 2380 738 2433 dicebam,
766 2396 874 2425 usus
900 2381 1027 2426 libris
1053 2381 1312 2425 Bodleiano
1338 2381 1580 2432 similibus,
1600 2395 1685 2424 nec

156 2459 312 2516 potuit
348 2465 577 2516 praestare,
612 2471 756 2514 quum
794 2458 965 2502 codicis
1002 2457 1400 2516 Cantabrigiensis
1432 2457 1507 2499 vix
1547 2456 1686 2500 tertia

156 2549 258 2593 pars
299 2535 512 2593 supersit,
557 2550 715 2594 margo
757 2541 917 2578 autem
959 2533 1214 2578 Alemanni
1262 2533 1394 2591 plura
1443 2533 1684 2578 continere

157 2610 371 2654 videatur
408 2610 597 2654 aliunde
634 2610 778 2654 illata.
851 2609 1028 2653 Contra
1067 2610 1215 2653 codex
1255 2608 1538 2652 Bodleianus
1565 2608 1686 2662 (Au-

156 2692 267 2730 ctar.
294 2685 355 2737 V,
382 2687 473 2742 51.)
513 2686 641 2729 omni
679 2701 737 2730 ex
776 2692 907 2744 parte
950 2686 1134 2742 integer
1170 2691 1255 2735 est,
1293 2684 1491 2742 script-us
1529 2684 1685 2728 seculo

159 2762 403 2806 undecimo
426 2761 497 2806 vel
524 2762 718 2806 ineunte
741 2761 1019 2805 duodecimo
1046 2761 1091 2803 in
1117 2760 1412 2810 membranis,
1434 2759 1554 2803 foliis
1578 2774 1686 2803 con-

157 2845 282 2881 stans
302 2833 419 2893 171.f
441 2837 599 2881 formae
625 2838 876 2896 quadratae,
914 2837 1093 2896 paginis
1124 2844 1437 2895 praeterquam
1472 2836 1515 2878 in
1555 2834 1685 2877 scho-

212 2931 227 2958 s
247 2933 372 2968 Editio
390 2933 526 2968 Aldina
547 2933 788 2968 foliis—nam
810 2933 901 2972 haec,
920 2945 994 2967 non
1018 2932 1173 2980 paginas
1195 2931 1402 2966 numeravit
1420 2930 1683 2965 editor—con-

159 3002 231 3031 stat
257 3008 336 3043 127.
358 2997 486 3032 sormae
509 3003 648 3032 octavae
671 2996 835 3032 minoris
897 2995 1051 3043 Paginae
1075 3002 1159 3031 :suut
1180 3007 1354 3030 versuum
1376 2994 1544 3039 triginta.

904 3062 931 3104 b
