1907 3270
696 105 1107 152 PRAEFATIO.
1624 107 1669 151 lv

209 217 261 264 P.
284 235 379 278 319,
404 236 610 267 12.-·21.
639 220 758 266 Haec
784 221 940 279 paullo
965 220 1102 266 aliter
1121 221 1304 282 digesta
1327 221 1472 267 habet
1495 221 1670 267 scholia

142 304 199 349 O.
226 321 252 351 a
275 321 415 351 manu
442 307 682 367 aliquanto
707 310 981 354 recentiore.
1139 327 1200 367 19.
1227 309 1392 371 πλίχος
1417 307 1531 371 γὰρ]
1560 307 1673 370 πλὶξ

139 397 214 450 μὲν
231 398 288 444 O.
395 417 460 447 20.
478 400 500 444 ὃ
518 400 678 461 δεῖται]
698 382 877 446 ἔιίιόεῖται
897 401 954 448 O.
973 403 1031 458 (οι
1050 409 1097 447 et
1114 418 1251 462 supra
1267 409 1315 448 et
1331 403 1451 447 infra
1463 404 1668 462 scripto.)

208 485 261 531 P.
281 503 378 545 320,
401 493 467 534 26.
491 463 734 533 ’ΥπόΘεσ-ιῡν
759 495 1007 548 utramque
1033 489 1209 534 habent
1235 487 1369 544 D.O.‚
1398 505 1488 534 om.
1509 490 1571 534 V.

209 561 262 607 P.
283 580 380 622 321,
405 580 444 609 2.
470 564 699 623 ’γενόμενον
724 566 868 611 etiam
896 563 954 610 D.
1242 571 1281 610 6.
1304 565 1559 624 Ἀλκινόου]
1590 569 1671 610 τοῦ

139 639 342 684 ἇλκινόου
365 640 423 686 Ο.
594 661 639 701 γ.
664 647 746 687 τοῦ
769 643 837 699 β.]
869 646 947 687 τοῦ
972 643 1019 697 β.
1046 661 1092 701 γ.
1120 640 1180 686 D.
1371 658 1407 699 7.
1435 642 1671 694 πυθομένης

142 714 262 762 D.O.
465 717 616 774 αὐτὴν]
647 719 753 771 αὐτὴ
779 716 837 763 D.

207 791 260 837 P.
287 809 383 852 322,
409 811 464 852 30
500 798 522 846 ἦ
556 792 612 856 ῥά
648 795 742 853 μοι]
785 795 810 847 ἦ
843 796 889 857 ῥ’
925 793 975 838 ἄν
1009 814 1084 847 μοι
1123 795 1353 840 Schmidt.
1387 795 1443 839 ad
1479 793 1670 854 Didymi

141 868 326 929 Fragm.
351 886 394 930 p.
420 876 512 930 196.
539 871 564 923 ἧ
586 873 641 932 ῥα
671 869 722 915 ἄν
747 887 829 931 per
852 871 936 933 ἄρα
962 870 1011 915 ἐίν
1037 871 1244 931 explicat
1271 870 1551 930 Hesychius.

208 945 261 990 P.
281 961 378 1005 327,
400 965 441 1005 9.
465 947 583 992 ἔστω
603 964 693 992 oni.
723 948 785 992 H.

207 1022 260 1068 P.
287 1037 383 1082 355.
413 1040 479 1070 22.
516 1023 869 1085 Argumentum
904 1025 1106 1084 primum
1132 1032 1179 1069 et
1204 1025 1462 1069 secundum
1494 1024 1670 1069 habent

140 1098 278 1153 D.O.‚
303 1101 381 1146 sed
409 1102 570 1147 ordine
600 1103 793 1155 inverso,
820 1117 911 1147 om.
939 1101 1051 1146 Ald.
1249 1105 1315 1148 28.
1353 1101 1418 1150 τίς
1443 1101 1509 1145 καὶ
1537 1101 1671 1146 πόθεν

138 1177 219 1234 εἴη]
250 1177 317 1226 τίς
340 1177 395 1222 ὦν
412 1194 490 1223 :-—
515 1180 571 1224 O.

207 1254 260 1299 P.
281 1260 378 1315 361,
402 1273 439 1301 2.
465 1255 608 1308 ἐπειδὴ
635 1257 814 1301 correxi
840 1271 922 1315 pro
947 1256 1038 1300 ἐπεὶ
1063 1258 1137 1308 μή.

208 1332 261 1377 P.
298 1338 395 1392 363,
441 1337 479 1377 8.
528 1333 802 1390 ἀπεβίβασε]
866 1333 1066 1393 Egregie
1110 1330 1168 1376 D.
1216 1331 1519 1393 ἁπεφοίβαο-ε,
1576 1347 1670 1390 quo

141 1410 282 1455 verbo
307 1411 504 1470 scriptor
527 1412 794 1457 certaminis
822 1410 1020 1455 Homeri
1054 1416 1103 1454 et
1130 1408 1342 1461 Hesiodi,
1370 1408 1541 1454 Strabo
1571 1408 1672 1453 alii-

138 1504 230 1547 que
254 1487 467 1532 nonnulli
494 1489 563 1532 usi
589 1495 712 1533 sunt.
852 1503 920 1546 25.
945 1486 1206 1548 Πορφύριος
1231 1486 1518 1545 adscriptum
1542 1485 1590 1529 in
1612 1483 1669 1529 D.

140 1564 181 1608 οἶ
205 1578 294 1608 om.
321 1563 383 1608 D.
588 1569 655 1610 26.
680 1564 727 1608 οὔ
752 1579 844 1609 om.
867 1561 924 1608 D.
1130 1578 1197 1619 27.
1218 1561 1465 1623 ἁρμόττον]
1496 1560 1563 1604 καὶ
1593 1562 1671 1621 οἱρ-

138 1641 308 1692 μόττον
334 1638 392 1684 D.

207 1727 261 1772 P.
281 1733 380 1787 364.
409 1728 464 1771 In
490 1734 650 1772 annot.
676 1729 731 1772 ad
759 1726 787 1770 l.
809 1744 847 1785 9.
875 1742 956 1785 pro
983 1733 1007 1750 ‘⁵
1030 1747 1062 1779 ν,
1089 1727 1184 1782 67.”
1211 1726 1389 1786 corrige
1416 1733 1441 1749 “
1463 1740 1503 1769 v,
1527 1726 1622 1781 67.'’

207 1803 259 1848 P.
281 1808 377 1863 365,
407 1821 443 1850 2.
465 1803 564 1852 τοὺς
588 1804 818 1859 βόας--ὡς
845 1802 1028 1860 ἡμίονοι]
1062 1801 1224 1847 Scribe
1251 1803 1292 1845 οἶ
1315 1800 1414 1849 τοὺς
1438 1800 1669 1856 βόας-ὡς

139 1882 182 1925 οἱ
206 1880 367 1933 ἡμίονοι
394 1897 452 1926 ex
479 1879 536 1925 D.
729 1897 770 1939 3.
796 1887 888 1928 τοῖς
913 1878 1166 1931 ἧμιόνοις-
1189 1878 1288 1927 τοὺς
1314 1877 1505 1930 ἡμιόνους
1530 1876 1589 1923 D·
1617 1883 1671 1921 ut

141 1957 210 2012 Ε.,
236 1964 376 2010 recte,
403 1960 439 2003 Si
464 1956 530 2002 καὶ
555 1957 654 2006 τοὺς
680 1957 872 2010 ἡμιόνους
896 1957 1137 2002 scribatur.
1339 1949 1664 2016 προτρέχουσι]

138 2034 281 2080 Adde
305 2038 388 2080 τῶν
413 2035 529 2091 βοῶν
553 2050 613 2079 ex
640 2034 698 2078 D.
903 2048 943 2092 5.
970 2032 1057 2090 οὖν]
1091 2036 1196 2092 γοῦν
1222 2031 1279 2076 D.

208 2113 260 2158 P.
281 2119 377 2173 367,
399 2130 434 2157 Ι.
460 2112 787 2169 ἐπιμελόμενος]
819 2111 1149 2165 ἐπιμελούμενος
1181 2108 1240 2155 D.
1491 2126 1528 2155 2.
1556 2108 1672 2154 Post

138 2189 260 2250 ἄξιον
284 2191 436 2250 pergit
455 2188 514 2234 D.
545 2189 589 2237 ὃς
607 2189 674 2233 καὶ
696 2187 975 2250 γραμματεὺς
1000 2192 1211 2232 καλεῖται.
1249 2188 1271 2238 ἦ
1297 2185 1341 2231 δὲ
1366 2190 1522 2247 χρῆσις
1546 2182 1667 2246 παρὰ

138 2273 231 2315 τοῖς·
255 2268 737 2314 πολλοῖς-καλεῖσθαι
766 2268 838 2320 (ut
863 2281 905 2324 p.
926 2269 1022 2323 366,
1046 2267 1133 2323 29.)
1150 2279 1230 2308 2-

207 2343 259 2388 P.
279 2357 379 2402 372,
399 2361 439 2401 3.
465 2340 761 2401 καταπτῆξαι.
800 2339 971 2385 ‹idum-m
994 2339 1056 2399 δὲ]
1082 2340 1359 2400 καταπτῆξαι
1383 2338 1554 2383 δύναται
1577 2336 1670 2397 ψη-

139 2423 295 2481 λαφῶν
321 2418 364 2463 δὲ
391 2419 453 2465 Η.

207 2505 261 2550 Ρ.
287 2511 386 2564 376,
411 2510 475 2551 18.
502 2507 549 2550 οὐ
577 2509 727 2561 κακῶς]
771 2506 817 2549 οὐ
843 2505 972 2549 delet
998 2502 1229 2549 Schmidt.
1256 2504 1286 2547 l.
1312 2520 1350 2549 c.
1389 2519 1429 2562 p.
1461 2507 1554 2561 198.
1581 2503 1668 2548 nisi

139 2586 270 2630 κακῶς
294 2583 341 2626 in
365 2585 502 2630 καλῶς
526 2581 807 2627 mutandum
834 2582 907 2625 sit.
968 2581 1045 2625 Sic
1071 2581 1117 2624 οὐ
1141 2584 1278 2627 καλῶς
1305 2596 1346 2639 p.
1368 2595 1465 2639 723,
1498 2596 1533 2624 1.

208 2659 262 2702 P.
283 2663 384 2720 383,
408 2664 474 2704 26.
499 2657 555 2702 ὦν
579 2656 629 2702 ἂν
655 2656 742 2715 διὰ]
774 2659 825 2705 ὡς
851 2655 917 2701 διὰ
948 2656 1010 2702 H.

208 2736 261 2781 P.
282 2740 379 2795 388,
402 2752 468 2782 21.
494 2732 549 2779 τὸ
575 2733 618 2778 δὲ
643 2733 781 2778 δειλαί
804 2737 896 2790 τοι]
927 2737 1063 2778 τοῦτο
1091 2733 1152 2778 H.
1311 2750 1377 2779 22.
1404 2731 1530 2790 κακὰ]
1563 2729 1667 2775 κακὰ

140 2812 241 2857 εἶναι
269 2812 331 2857 Η.
526 2829 595 2870 30.
623 2811 795 2856 Literis
821 2812 862 2855 οἱ
887 2831 961 2854 ποι
988 2811 1035 2854 in
1059 2811 1366 2855 annotatione
1391 2809 1666 2854 memoratis

141 2891 302 2934 finitur
325 2889 491 2949 pagina
516 2888 562 2932 in
592 2886 655 2931 H.
684 2886 783 2946 (fol.
806 2890 917 2947 48³).
943 2886 1091 2931 scriba
1116 2885 1294 2944 reliqua
1320 2886 1586 2930 omittente.

209 2976 260 3019 P.
283 2993 379 3033 394,
404 2993 469 3033 25.
496 2974 610 3019 πολὺ
635 2974 789 3035 λίπος]
820 2974 1067 3022 πολύλιπος
1095 2973 1157 3017 H.
