1907 3270
692 116 1096 164 PRAEFATIO.
1577 119 1657 163 lxv

203 229 255 273 P.
280 235 375 289 637,
402 235 440 274 6.
476 231 546 275 ὅτι
571 230 649 290 τὰ]
680 233 840 277 Scribe
865 234 933 278 ὅτι
959 255 1010 278 τε
1034 233 1088 278 τὰ
1115 249 1175 279 ΘΧ
1200 234 1324 279 O.V.

203 306 256 350 P.
277 312 374 365 639,
400 323 463 352 12.
492 323 557 367 23.
594 307 715 353 Haec
740 309 915 353 scholia
940 310 985 353 in
1011 311 1103 354 fine
1128 311 1408 355 scholiorum
1438 311 1495 355 ad
1532 310 1652 355 hane

133 382 427 442 rhapsodiam
453 384 594 428 habet
620 385 691 437 O.,
717 400 799 429 suo
822 385 922 429 loco
950 387 1143 430 inscruit
1169 386 1228 431 V.
1387 403 1450 445 13·
1487 390 1654 448 κεφαλ-

132 458 279 510 ληνιάν
304 457 380 513 O„
407 475 499 504 non
524 461 786 521 κεφαληνίαν
810 467 864 505 ut
890 461 948 506 V.
1114 479 1181 520 23.
1207 464 1384 524 ἱστορία
1411 478 1501 508 om.
1529 461 1651 508 O-V.

134 551 200 590 24.
238 538 547 588 λαμπετήεντα
579 535 638 580 O.
673 542 728 580 ut
766 536 955 590 H.Q.V.
1007 536 1268 590 Λαμπετιήν
1308 539 1557 583 Βὶ11“1]05ἰι13
1593 553 1653 584 ΘΧ

131 626 214 657 sua
236 613 378 672 ipsius
402 615 669 673 conjectura
693 616 898 673 posuisse
923 615 1119 659 videtur.

197 689 251 733 P.
278 695 373 745 640,
403 707 440 735 2.
467 698 515 735 et
540 707 579 748 3.
618 690 737 734 Cum
764 691 991 749 scriptura
1016 689 1336 753 exjjveteribus
1366 694 1652 738 editionibus

129 781 156 810 a
191 766 484 811 Buttmanno
521 774 777 812 memorata
819 769 1051 813 consentit
1095 768 1153 813 O.
1358 787 1398 827 3.
1438 770 1644 831 ἐφέρετο]

128 845 300 893 ἤλαυνεν
338 844 480 888 etiam
518 842 578 888 O.
749 848 787 887 8.
821 847 1086 896 κατελεήσας
1111 845 1132 888 ὁ
1167 844 1284 901 Ζεὺς]
1323 849 1649 898 κατελεήσαντα

126 917 205 964 τὸν
231 918 296 963 δία
322 921 463 965 etiam
490 919 547 965 O.
685 939 724 979 9.
753 919 1050 976 μεταβάλλων
1075 920 1228 979 αὐτὰς]
1257 927 1556 984 μεταμορφῶν
1581 925 1651 967 αὖ·

125 993 205 1043 τὰς
242 995 302 1040 Ο.
339 996 487 1041 literis
521 1000 706 1058 μορφῶν
744 996 874 1044 αὐτὰς
909 1013 936 1041 a
971 1012 1113 1041 manu
1154 1000 1411 1044 recentiore
1454 1001 1648 1060 scriptis.

130 1089 196 1116 10.
221 1072 570 1133 ἆποδακρύοντα]
603 1073 947 1136 ἀποδακρύονται
982 1073 1026 1118 δὲ
1055 1076 1195 1119 etiam
1223 1074 1296 1128 0.,
1323 1077 1403 1120 sed
1437 1075 1479 1120 δὲ
1514 1093 1651 1136 supra

125 1163 310 1194 versum
336 1151 521 1209 scripto.
680 1167 743 1195 11.
769 1149 877 1207 ἀπὸ]
907 1151 976 1194 ἐπὶ
1003 1150 1059 1196 O.
1218 1156 1299 1195 τοῦ
1323 1150 1494 1213 δένδρου
1520 1152 1648 1199 ΗΟ.

125 1225 201 1280 V.‚
221 1241 314 1270 non
338 1229 424 1270 τῶν
449 1225 640 1289 δένδρων,
665 1228 789 1285 quod
814 1227 937 1272 solus
961 1227 1104 1272 habet
1130 1227 1187 1280 Q.

191 1303 245 1348 P.
273 1307 369 1359 641,
394 1320 457 1348 10.
485 1303 706 1348 Scholion
739 1304 795 1348 ad
822 1301 1054 1365 φλίψεται
1083 1304 1226 1362 (quod
1259 1311 1492 1350 corrector
1523 1308 1649 1351 codi-

124 1383 188 1427 cis
212 1384 261 1428 in
287 1381 506 1442 Θλίψεται
531 1384 752 1443 mutavit)
778 1384 826 1427 in
848 1382 911 1427 H.
936 1384 1220 1443 adscriptum
1248 1383 1314 1429 διὰ
1339 1389 1419 1430 τοῦ
1443 1389 1482 1438 Θ,
1506 1388 1557 1435 ὡς
1580 1387 1648 1431 καὶ

122 1459 378 1513 Ζηνόδοτος,
415 1461 479 1505 sic
515 1460 840 1520 corrigendum
879 1460 1077 1513 videtur,
1111 1459 1343 1522 φλίψεται
1380 1460 1447 1506 διὰ
1483 1467 1563 1507 τοῦ
1595 1467 1646 1525 φ,

123 1538 174 1586 ὡς
205 1537 271 1581 καὶ
297 1536 553 1590 Ζηνόδοτος,
578 1543 631 1582 ut
656 1537 955 1582 Aristarchus
991 1554 1099 1582 cum
1125 1537 1373 1584 Zenodoto
1409 1556 1648 1587 consense-

122 1616 198 1668 rit,
218 1613 435 1674 Θλίψεται
456 1621 614 1660 autem
641 1614 758 1659 alius
778 1615 996 1659 editionis
1021 1616 1249 1674 scriptura
1274 1617 1345 1660 sit.
1382 1616 1645 1676 Antiquam

121 1692 373 1737 lectionem
410 1693 458 1735 in
491 1691 700 1736 Lexicon
736 1707 870 1735 suum
897 1692 1082 1736 rettulit
1108 1691 1386 1751 Hesychius,
1413 1693 1645 1754 φλίψεται

121 1782 205 1826 pel*
228 1766 587 1821 ἆποθλιβήσεται
613 1767 962 1825 interpretatus.
1127 1783 1189 1811 12.
1216 1767 1424 1815 ἁκόλους;
1463 1767 1646 1826 ψωμούς·

122 1842 180 1889 Ο.
239 1843 360 1887 Tum
395 1858 422 1887 a
458 1858 520 1887 m.
553 1843 823 1895 recentiore,
862 1842 930 1889 οὓς
966 1843 1037 1886 ούκ
1078 1841 1128 1886 ἅν
1164 1862 1230 1891 τις
1261 1844 1427 1903 κωλύσῃ
1463 1843 1529 1889 διὰ
1569 1846 1646 1897 τὴν

119 1917 386 1979 βραχύτητα
405 1917 637 1962 z———Recte
661 1917 848 1976 κολούσῃ
874 1916 994 1970 B.Q.
1055 1917 1188 1961 Conf.
1215 1917 1375 1978 Etym.
1404 1918 1475 1963 M.
1505 1936 1549 1979 p.
1575 1937 1644 1978 50,

125 2010 188 2049 14.
342 2010 532 2040 20—22.
559 1994 601 2037 οἱ
617 1992 956 2046 μὲν-δύνανται
982 2009 1009 2037 a
1032 2009 1094 2037 m.
1120 1995 1380 2040 recentiore
1404 1995 1547 2040 habet
1572 1997 1630 2041 O.

186 2068 240 2113 P.
268 2074 365 2128 643,
394 2086 525 2128 1—-3.
551 2076 600 2115 et
628 2085 671 2128 p.
699 2074 796 2123 646,
822 2084 886 2126 17.
910 2073 975 2114 18.
998 2068 1118 2113 Haec
1143 2070 1318 2116 scholia
1343 2088 1368 2117 a
1393 2087 1453 2117 m.
1482 2089 1642 2118 recen-

119 2145 238 2189 tiore
261 2145 404 2191 habet
430 2144 490 2190 O.

186 2221 238 2266 P.
266 2226 362 2279 652,
393 2235 457 2278 17.
508 2221 714 2265 Primam
758 2227 806 2265 et
829 2219 1100 2266 ”secundam
1143 2222 1348 2268 ὑπόθεσιν
1389 2225 1531 2270 habet
1570 2227 1642 2279 O„

119 2298 296 2342 omittit
322 2298 522 2350 tertiam,
550 2313 650 2357 quae
675 2313 735 2342 ex
760 2298 996 2343 veteribus
1033 2305 1194 2343 textus
1219 2300 1504 2346 editionibus
1540 2318 1643 2361 pro-

117 2380 285 2433 pagata
309 2380 393 2419 est.

184 2449 238 2496 P.
265 2454 362 2508 653,
393 2467 428 2494 Ι.
453 2449 720 2510 καταξενιάς]
752 2448 1025 2510 κατὰῖξενιάς
1052 2452 1106 2495 O.
1293 2469 1359 2497 21.
1385 2454 1640 2505 ὑποστήσα-

116 2526 217 2583 σαν]
248 2527 508 2571 ὑποστᾶσαν
535 2526 762 2571 Struvius.

184 2602 237 2646 P.
265 2607 360 2660 654,
386 2620 426 2658 4.
466 2602 520 2646 In
557 2603 614 2646 Ο.
641 2618 668 2647 a
701 2617 763 2648 m.
801 2604 1073 2653 recentiore,
1101 2602 1270 2665 ἀζηχές.
1309 2603 1474 2649 πολλά.
1512 2605 1639 2658 διηνε-

115 2678 192 2726 κές.
229 2676 526 2731 ἀδιάλειπτον,
551 2679 745 2739 ἰσχυρόν.

182 2753 233 2798 Ρ.
261 2759 356 2812 656,
384 2771 448 2813 13.
470 2757 572 2815 πῦρ]
603 2754 751 2799 κέαται
777 2755 878 2815 πυρί
897 2756 1028 2800 addit
1054 2755 1116 2798 H.
1177 2756 1335 2800 Verba
1360 2757 1481 2801 male
1510 2757 1639 2802 illata

116 2847 142 2876 e
166 2836 316 2885 textu,
341 2832 421 2876 ubi
445 2831 561 2875 κέατ’
586 2831 626 2875 ἐν
650 2832 752 2892 πυρί
776 2831 961 2892 legitur.

183 2908 236 2953 P.
259 2914 355 2968 657,
382 2926 449 2968 30.
478 2908 582 2953 Hoc
609 2908 816 2953 scholion
841 2909 888 2953 in
918 2910 1010 2953 fine
1034 2909 1289 2968 rhapsodiae
1315 2909 1490 2953 habent
1516 2909 1634 2954 ΟΥ.

865 3000 890 3028 e
