1907 3270
667 137 1076 182 PRAEFATIO.
1503 135 1635 178 xxvii

108 254 207 299 haec
243 254 484 314 praestabit
509 255 631 298 inter
655 254 833 312 reliqua
857 267 1117 297 memorare
1155 249 1509 309 Supplementa,
1535 265 1636 308 qua}

109 346 169 376 ex
193 331 295 376 aliis
319 332 557 376 codicibus
582 346 730 390 nuper
755 336 978 389 excerpta
1001 344 1124 373 nunc
1151 342 1420 387 proponam.

177 407 229 452 P.
257 422 296 464 7,
324 421 361 464 7.
389 410 410 459 ἡ
436 413 483 451 et
508 408 563 455 εἷς
585 404 755 458 Ἰθάκην
781 422 871 451 om.
900 405 962 450 H.
1169 421 1235 449 20.
1268 404 1406 448 Ila-no
1430 403 1637 448 ὑπόθεσιν

108 484 286 529 habent
310 484 453 529 etiam
476 482 604 528 D.H.
777 500 844 541 23.
870 479 1281 539 ἀποστελλομένην]
1304 479 1413 542 πρὸς
1433 480 1639 532 Τηλέμα-

108 581 191 623 χον
208 561 339 606 addit
360 561 418 605 D.
563 578 628 616 24.
647 557 879 624 εἶκοσιετῆ]
904 560 1212 604 Scribendum
1239 560 1462 609 εἴκοσαετῆ
1482 574 1541 603 eX
1563 558 1635 611 D„

109 654 211 698 quae
243 639 419 683 usitata
443 638 592 683 forma
615 644 699 691 est,
725 637 1016 682 restituenda
1046 637 1188 680 etiam
1216 635 1356 679 Dioni
1383 635 1541 680 Cassio
1567 649 1636 694 55,

110 733 151 774 9.
176 731 260 775 pro
285 717 554 769 εἶκοσιετοῦς,
580 721 634 760 ut
658 715 842 760 monuit
868 713 1190 759 Leonclavius.

176 793 228 838 P.
257 797 295 846 8,
321 811 355 839 Ι.
381 794 445 851 τῷ
469 790 744 854 Τηλεμάχῳ]
776 793 817 836 ἐν
840 791 1076 853 τηλεμάχῳ
1103 792 1161 837 D.
1187 792 1266 852 qui
1291 789 1518 850 λογισμὸν
1542 806 1634 835 Om.

109 871 157 916 in
183 871 362 916 lacuna.
570 888 634 914 11.
658 869 1274 933 ἐφυλάξατο-κακοφωνιάν]
1308 873 1386 919 Sic
1410 872 1552 917 etiam
1574 870 1636 921 S..

109 963 202 993 non
226 947 717 1009 ἐδέξατο-κακοηχίαν,
745 949 867 1007 quod
896 948 938 992 ei
963 949 1127 994 tribuit
1153 948 1414 995 CrainerUS.

173 1022 226 1068 P.
254 1040 298 1085 9,
324 1041 451 1081 9.10.
482 1041 546 1069 11.
577 1041 640 1070 12.
678 1025 729 1072 ὡς
764 1022 818 1068 τὸ
855 1039 945 1069 om.
973 1023 1100 1071 D.V.
1309 1044 1373 1071 10.
1399 1026 1527 1082 ὅπου]
1560 1026 1636 1070 Sic

110 1100 228 1154 EQ.
269 1098 322 1149 ὥς
346 1121 430 1145 που
454 1101 518 1147 V.
589 1101 740 1145 Recte
773 1101 1020 1147 Barnesius
1052 1103 1097 1151 ὅς
1125 1123 1210 1147 που
1239 1119 1297 1148 ex
1325 1104 1415 1149 Od.
1442 1101 1504 1156 A,
1537 1120 1635 1160 449.

112 1177 272 1242 .11.‘c‘{37
299 1179 420 1234 EQ.
458 1178 539 1242 ἵζει
569 1179 631 1225 V.
669 1185 811 1224 recte.
1014 1179 1146 1242 ἄνδρα
1182 1182 1297 1235 EQ.
1370 1181 1530 1226 Scribe
1567 1180 1637 1224 ἅν-

110 1254 192 1319 δρα
215 1255 291 1310 μὲν
315 1272 372 1301 ex
392 1256 454 1301 V.
663 1273 728 1312 14.
755 1254 1082 1318 γυνὴ-ἅρσην]
1115 1258 1218 1316 γυνὴ
1244 1257 1490 1320 ὂὲ--ἐῖρσην
1511 1257 1553 1302 δὲ
1576 1257 1636 1302 D.

109 1339 250 1378 recte.

178 1410 232 1455 P.
258 1427 321 1462 11,
348 1426 413 1454 10.
436 1427 499 1454 11.
539 1408 624 1454 Est
649 1411 792 1454 etia-ln
821 1411 867 1454 in
894 1410 958 1454 H.
1124 1429 1189 1458 12.
1214 1414 1437 1464 κτισθῆναι
1467 1413 1521 1457 Ε.
1568 1433 1639 1456 τε-

110 1487 330 1548 τειχίσθαι
370 1487 445 1539 V„
485 1487 609 1546 quod
640 1487 995 1546 praeferendum,
1031 1504 1172 1547 quun]
1214 1490 1273 1533 sit
1310 1489 1452 1534 etiam
1491 1490 1536 1533 in
1572 1488 1635 1532 H.

115 1577 180 1621 15.
205 1561 404 1625 ὀνομάζει
430 1570 535 1622 post
559 1563 869 1625 πτολίπορθον
892 1564 1035 1608 habet
1061 1564 1120 1609 D.

178 1639 230 1684 P.
261 1656 324 1693 12,
352 1644 391 1685 8.
429 1641 470 1684 οἶ
501 1638 718 1702 ἅνθρωποι
754 1646 860 1699 post
895 1640 1045 1692 ἐπίσης
1068 1641 1128 1685 D.
1270 1657 1334 1686 12.
1361 1641 1515 1700 ἄλγεα,
1543 1641 1637 1686 εἶτα

113 1732 203 1761 om.
229 1718 373 1761 etiam
400 1716 463 1761 H.
672 1733 736 1770 14.
773 1716 1309 1774 ἀντικαταλλασσόμενος]
1347 1718 1440 1762 ἀντὶ
1466 1722 1544 1763 τοῦ
1566 1739 1641 1762 κα-

113 1793 477 1845 ταλλασσόμενος
502 1792 567 1836 H.
767 1810 836 1851 23.
862 1792 970 1838 Hoc
996 1793 1203 1838 scholion
1229 1802 1299 1839 est
1325 1796 1465 1839 etiam
1491 1797 1538 1839 in
1563 1796 1637 1849 D..

113 1875 167 1914 ut
196 1869 285 1915 alia
316 1870 516 1930 plurima
542 1886 647 1929 quae
684 1870 835 1914 adhuc
870 1885 930 1914 ex
966 1870 1062 1915 solo
1088 1869 1401 1916 Ambrosiano
1429 1872 1482 1916 Ε.
1507 1873 1639 1916 inno-

113 2029 194 2064 haec
220 2029 398 2077 leguntur
413 2029 450 2064 in
471 2028 528 2064 ed.
551 2027 714 2077 Aldina:
745 2030 869 2073 ηὔξατο
894 2032 980 2065 πᾶσι
1001 2031 1088 2066 θεοῖς
1106 2034 1309 2076 μεταστῆναι
1329 2033 1367 2076 ἐξ
1385 2033 1568 2078 ἀνθρώπων
1587 2033 1640 2068 καὶ

113 2093 244 2140 ἠλλάγη
275 2095 321 2130 εἷς
353 2095 391 2128 τὸ
420 2096 593 2139 ὁμώνυμον
626 2092 783 2141 χλωρηΐς.
823 2097 894 2139 ἤτοι
928 2095 962 2129 ἐν
995 2097 1143 2141 χλωροῖς
1173 2097 1287 2142 ὄρνεον
1317 2098 1539 2144 διατρίβουσα
1566 2104 1637 2134 etc.

116 2158 348 2194 Vocabulum
376 2158 502 2204 ὄρνεον,
530 2158 630 2206 quod
659 2164 746 2206 post
771 2161 943 2204 ὁμώνυμον
967 2159 1211 2201 desideratur,
1238 2162 1425 2208 quomodo
1451 2163 1489 2198 in
1514 2163 1639 2198 locum

115 2222 277 2258 alienum
298 2223 491 2259 devenerit
507 2223 690 2270 scriptura
710 2223 848 2259 codicis
871 2224 1063 2260 Bodleiani
1090 2225 1170 2268 (fol.
1199 2228 1309 2274 ¹53a)
1333 2228 1496 2263 ostendit

1249 2303 1313 2335 πᾶ-

279 2379 316 2398 σι
336 2364 432 2399 θεοῖο·
450 2366 653 2409 μεταστῆναι
669 2364 706 2408 ἐξ
725 2362 811 2401 ‹iffa-v
831 2365 882 2398 καὶ
902 2362 1032 2410 ἠλλάγη
1053 2365 1107 2398 εἷσ
1127 2365 1164 2398 τὸ
1185 2366 1357 2410 ὁμώνυμον

277 2426 446 2475 χλωρηΐσ.
610 2432 682 2474 ἤτοι
702 2430 736 2464 ἐν
817 2430 974 2474 χλωροῖσ
1196 2429 1338 2475 [ὄρνεον.

279 2492 513 2539 διατρίβουσα,
534 2493 552 2538 ἢ
572 2493 641 2538 ἅμα
661 2500 730 2529 etc.

117 2567 181 2604 ubi
211 2568 335 2614 ὄρνεον,
359 2567 457 2615 quod
483 2567 592 2615 signo
618 2569 645 2614 [‚
668 2581 740 2615 quo
766 2567 876 2603 hodie
898 2580 1044 2614 quoque
1070 2569 1301 2616 typographi
1329 2571 1380 2606 sic
1405 2577 1570 2614 utuntur,
1593 2573 1640 2609 ad

117 2642 267 2667 versum
302 2629 530 2676 superiorem
571 2630 742 2673 refertur,
774 2629 898 2665 versui
936 2629 1101 2665 inferiori
1138 2630 1264 2667 intulit
1302 2632 1423 2668 scriba
1461 2633 1639 2671 Aldinus.

116 2693 232 2731 Aliud
253 2694 300 2729 ad
319 2693 477 2728 eundem
492 2705 640 2728 versum
657 2693 825 2729 scholion
846 2694 881 2728 in
900 2693 955 2729 ed.
970 2692 1060 2729 ΑΜ.
1082 2694 1162 2740 (fol.
1182 2707 1196 2730 1
1214 2708 1257 2742 ¹4
1272 2703 1301 2731 a,
1321 2697 1397 2732 sive
1417 2710 1451 2744 p.
1467 2698 1558 2743 683,
1582 2711 1638 2746 19,

118 2759 176 2795 ed.
205 2759 361 2804 nostrae)
393 2757 522 2805 incipit
547 2761 586 2802 τῇ
617 2758 771 2794 Νυκτέως
800 2758 879 2794 Ζεὺς
901 2759 1065 2804 μίγνυται,
1096 2759 1234 2795 omisso
1268 2761 1443 2808 Antiopae
1476 2763 1638 2803 nomine,

119 2823 219 2871 quod
239 2823 276 2858 in
296 2822 376 2858 cod.
400 2821 510 2858 Bodl.
531 2821 611 2868 (fol.
639 2819 751 2869 154b)
775 2834 890 2858 unum
911 2835 994 2857 cum
1014 2822 1191 2859 lemmate
1210 2837 1357 2860 versum
1376 2826 1511 2874 explet,
1531 2839 1641 2873 quem

119 2892 240 2924 totum
260 2887 490 2936 proetervidit
511 2887 632 2923 scriba
650 2887 822 2928 Aldinus,

336 2953 388 2987 ὡσ
407 2952 434 2987 δ’
451 2952 506 2987 ὅτε
526 2952 710 2999 πανδαρέου
731 2952 831 2999 κούρη
851 2952 1018 3000 χλωρηΐσ.
1040 2955 1189 2997 ἀντιόπηι
