1907 3270
709 123 1125 171 PRAEFATIO.
1599 120 1662 164 liii

200 242 255 287 P.
277 247 372 295 206,
393 258 458 286 11.
485 243 590 294 ἡμᾶς
615 255 706 286 om.
733 239 793 284 D.
1001 252 1209 298 23.-—25.
1238 236 1399 282 Habet
1424 235 1485 281 D.

198 318 250 363 P.
279 333 372 376 207,
398 335 434 364 2.
461 320 566 374 πᾶν]
597 315 631 358 τῗ-
659 317 723 362 H.
927 332 967 375 5.
994 318 1016 360 ὁ
1047 316 1176 372 Πῖος]
1209 316 1334 362 ὅπιος
1360 313 1424 358 H.

197 394 250 439 P.
273 411 367 453 209,
390 412 455 441 22.
482 396 504 439 ὁ
531 410 622 440 om.
652 394 714 439 H.

197 469 249 517 Ρ.
273 489 371 525 212,
401 486 465 530 15.
491 478 554 518 16.
582 472 744 518 Habet
771 471 834 516 H.
1119 487 1184 516 22.
1212 469 1325 514 Post
1350 465 1663 529 Ἀριστάρχου

130 548 224 593 (1υο
249 555 424 607 puncta
450 549 500 604 (z)
528 550 575 593 in
603 548 667 593 H.

197 625 249 670 P.
273 631 368 679 216,
392 642 457 684 13.
485 625 617 675 οὕτως
643 624 712 671 οὖν
737 625 871 674 οὕτως
896 624 960 670 H.
987 630 1041 668 ut
1066 623 1125 677 Q.

196 701 248 746 P.
272 717 367 759 217,
395 705 578 747 8.—-10.
606 703 829 748 Scholion
856 701 920 749 V.
953 702 1002 746 in
1037 701 1094 746 O.
1125 716 1152 745 a
1183 715 1245 744 m.
1282 698 1544 744 recentiore
1579 697 1661 742 ad-

128 778 354 838 scriptum
383 795 476 824 non
503 787 574 824 est
599 780 771 826 veteris
807 780 1087 833 scholiastae,
1125 777 1207 822 sed
1241 791 1266 821 e
1293 775 1470 820 Lexico
1503 774 1659 833 aliquo

129 863 421 916 excerptum.
479 857 662 903 Similia
681 859 904 919 leguntur
923 858 970 901 in
994 857 1150 916 Etym.
1176 855 1247 900 Μ.
1274 870 1318 915 p.
1338 859 1432 911 761,
1450 868 1520 911 50.

197 933 250 978 P.
274 938 368 987 218,
393 939 458 979 18.
484 936 589 992 πᾶν]
622 933 768 981 πάντα
797 935 862 979 H.
1017 951 1082 992 19.
1108 930 1318 990 ἐκάθητο]
1348 930 1660 977 scribendum

128 1009 370 1064 ἐπεκάθητο
397 1028 455 1057 ex
484 1012 547 1056 H.

196 1088 249 1132 P.
273 1105 367 1147 223,
393 1107 430 1133 1.
456 1089 554 1150 περὶ
577 1093 672 1146 τῆς]
704 1090 805 1151 περί
828 1110 879 1134 τε
906 1088 967 1134 Η.

196 1163 249 1210 Ρ.
271 1171 366 1216 228,
392 1172 457 1211 18.
482 1167 569 1223 καὶ]
601 1167 679 1211 κᾶκ
708 1166 769 1211 Η.

194 1241 247 1287 Ρ.
271 1260 367 1302 229,
386 1259 426 1301 5.
469 1245 662 1305 τηρήσω]
713 1243 875 1305 Pergit
915 1242 979 1287 H.
1020 1243 1086 1287 καὶ
1129 1244 1315 1303 πορθμῷ
1354 1244 1416 1299 τῷ
1456 1237 1661 1301 διαπερά-

126 1340 235 1372 ματι
262 1327 353 1366 etc.

196 1396 249 1441 P.
273 1415 366 1457 230,
391 1403 457 1444 26.
484 1397 552 1457 αἲ]
582 1399 659 1444 Sic
686 1398 763 1451 H..
789 1414 880 1443 non
909 1400 944 1442 εἰ
968 1406 1020 1443 ut
1047 1397 1308 1442 Cramerus.

196 1473 248 1518 Ρ.
277 1491 372 1533 234,
399 1492 464 1533 13.
490 1476 638 1532 κανέῳ]
670 1475 810 1519 κανόνι
839 1475 901 1519 H.

194 1550 246 1594 P.
276 1565 372 1610 235,
400 1567 467 1609 25.
496 1552 549 1595 In
579 1551 642 1594 H.
682 1550 829 1595 δόλιον
854 1551 1006 1595 κύκλον
1031 1549 1088 1595 τὰ
1115 1549 1260 1594 δίκτυα
1280 1553 1409 1593 t—et
1434 1547 1495 1606 gl.
1521 1560 1660 1605 supra

127 1642 311 1672 versum
336 1626 395 1672 τὰ
422 1627 581 1673 δίκτυα.
653 1629 789 1682 Quod
819 1628 1066 1674 Cramerus
1091 1627 1291 1686 praefixit
1319 1625 1389 1668 οὐκ
1415 1622 1483 1668 οὖν
1514 1622 1566 1667 ὀὶν
1605 1623 1661 1667 ε’ί-

126 1724 202 1748 ποι
231 1712 412 1764 spectat
437 1706 494 1750 ad
521 1721 564 1764 p.
588 1711 682 1764 236,
710 1712 774 1750 16.
948 1718 1016 1760 27.
1044 1702 1306 1765 Πορφυρίων
1330 1702 1658 1761 praescriptum

127 1781 175 1824 in
203 1780 262 1826 D.

195 1857 247 1902 P.
270 1863 366 1916 236,
389 1874 427 1903 2.
453 1859 679 1917 λέγουσιν]
711 1858 831 1916 λέγει
858 1856 919 1901 D.
1206 1873 1248 1910 4.
1273 1853 1563 1915 περιεχόντων
1587 1853 1656 1897 καὶ

126 1949 217 1978 om.
245 1932 309 1979 D.
477 1952 518 1993 5.
544 1933 623 1979 τὸν
648 1934 771 1990 ὅλον]
803 1937 888 1978 τῶν
915 1933 1026 1977 ὅλων
1052 1931 1113 1976 D.
1284 1930 1417 1992 χύτο]
1441 1930 1568 1991 τύχοι
1595 1929 1658 1974 D.

126 2028 167 2069 9.
193 2010 335 2069 λέγει]
366 2011 433 2055 καὶ
458 2012 600 2071 λέγων
627 2011 685 2057 D.
891 2010 962 2055 δύο
990 2025 1083 2055 om.
1102 2007 1167 2054 D.
1376 2013 1442 2052 16.
1469 2008 1650 2064 εἴποιμι]

126 2087 237 2132 εἴποι
266 2087 328 2133 H.
355 2096 500 2134 recte.

194 2164 246 2209 P.
269 2182 363 2224 239,
388 2170 452 2210 16.
479 2164 582 2227 ἄρα]
617 2165 780 2211 Scribe
804 2165 918 2227 ὥραν
944 2181 1004 2210 ex
1029 2165 1089 2210 D.
1266 2181 1331 2221 17.
1360 2161 1449 2208 ἀπὸ
1475 2179 1568 2208 om.
1595 2162 1656 2208 D.

130 2247 195 2287 18.
220 2245 371 2301 μογεῑ]
404 2243 566 2287 Scribe
590 2247 708 2303 μογῇ
736 2259 794 2288 ex
821 2242 881 2287 D.
1018 2241 1460 2303 ὅπερ-ἀναπαύεται
1482 2256 1572 2285 om.
1594 2239 1656 2284 D.

125 2317 214 2363 ἀπὸ
240 2335 330 2364 om.
357 2319 417 2364 D.
641 2339 707 2379 19.
731 2323 935 2377 μολήσει]
967 2326 1189 2373 μολεῖῑ-
1215 2319 1274 2364 D.
1346 2320 1656 2365 Scribendum

124 2400 255 2455 μολῇ,
280 2397 316 2441 si
342 2396 429 2441 hoo
454 2399 671 2456 praesenti
697 2413 807 2443 usus
831 2405 903 2443 est
927 2397 1186 2442 scholiasta.

193 2472 246 2517 P.
270 2489 364 2528 240,
391 2490 425 2518 1.
454 2489 551 2532 245.
577 2475 700 2519 male
725 2490 950 2520 excusum
979 2490 1061 2533 pro
1089 2479 1185 2532 845.
1449 2478 1651 2531 18.—23.

128 2549 289 2594 Habet
317 2549 379 2594 H.
586 2567 653 2609 25.
679 2552 782 2612 ἀνήρ
801 2567 878 2595 :—
898 2551 956 2595 O.
1017 2550 1219 2610 Reliqua
1243 2567 1269 2595 a
1293 2566 1354 2595 m.
1381 2552 1654 2596 recentiore.

194 2625 248 2671 P.
276 2643 370 2682 241,
400 2643 466 2685 23.
505 2627 681 2672 Struvii
725 2629 1064 2673 correctionem
1107 2626 1306 2690 ἄθροισιν
1348 2643 1431 2687 pro
1472 2626 1654 2688 ἄθρησῑν

127 2703 370 2748 confirmat
397 2702 458 2747 D.

194 2779 247 2824 P.
275 2797 371 2835 244,
396 2797 460 2825 10.
487 2778 871 2841 ἐπεισρευσάντων]
904 2779 1219 2842 ἐπιρευσάντων
1244 2780 1305 2825 D.
1466 2796 1531 2836 17.
1560 2779 1645 2835 διὰ]

126 2856 149 2907 ’ἦ
175 2854 242 2900 διὰ
268 2855 328 2901 D.

122 2941 126 2944 '
194 2932 246 2975 P.
276 2950 370 2991 245,
391 2951 429 2991 9.
456 2932 732 2994 παραίνεσιν]
762 2933 839 2978 Sic
865 2935 1006 2979 etiam
1035 2932 1091 2978 D.
1328 2939 1390 2977 16.
1419 2932 1534 2976 ὃιατί
1558 2931 1653 2991 τρί-

126 3029 242 3053 αιναν
265 3009 353 3071 ἔχει
381 3011 521 3054 etiam
552 3009 614 3053 H.
