1907 3270
690 118 1102 164 PRAEFATIO.
1599 116 1665 160 lxi

204 233 257 278 P.
283 248 379 292 549,
410 248 474 292 15.
513 234 674 280 Verba
699 233 950 287 ἀλάλησθαι
989 235 1224 280 ἐνεστῶτος
1260 232 1419 294 χρόνον
1444 232 1546 277 loco
1571 247 1664 276 non

136 324 220 354 suo
245 311 417 355 inserta
441 312 641 356 transfer
679 318 780 371 post
805 310 1026 363 ἀλάληται
1055 311 1103 367 (l.
1135 311 1234 368 17.),
1260 310 1338 354 ubi
1373 309 1594 368 leguntur
1618 309 1665 352 in

138 384 202 430 H.
371 403 436 431 21.
473 387 605 432 Ante
645 387 821 432 Θέλουσι
864 389 910 431 in
953 387 1016 432 H.
1060 387 1233 431 lemma
1257 392 1328 430 est
1365 388 1467 429 Θεῶν
1503 385 1663 437 ἀέκητι.

137 462 270 507 Inter
301 464 591 524 ὁρμισθέντας
623 471 672 509 et
705 464 793 509 Θεοὶ
825 464 942 509 nihil
978 464 1113 524 spatii
1152 464 1366 507 relictum
1394 464 1440 506 in
1474 461 1550 516 H.,
1577 462 1664 507 etsi

136 539 277 584 verba
300 540 549 585 manifesto
576 542 761 585 defecta
787 547 908 585 sunt.

205 615 257 660 P.
277 631 374 673 552,
406 634 469 673 14.
486 616 672 676 ”Ηλιος]
705 618 727 661 ὁ
755 616 873 669 ἥλιος
901 616 964 661 Η.
990 622 1131 661 recte.
1328 620 1392 658 16.
1417 614 1485 658 καὶ
1511 617 1666 662 πῶς-

136 689 224 744 ἅμα
263 691 307 736 δέ
341 693 484 739 habet
523 693 585 738 H.
613 702 716 753 post
741 693 938 753 ἅγγελος
963 694 992 739 l.
1024 698 1087 738 18.
1117 690 1263 736 πάντα
1288 691 1363 744 μὲν
1389 693 1545 751 scripsi
1583 707 1665 751 pro

136 767 282 812 πάντα
309 768 365 814 δέ.
569 774 655 816 πῶς
682 772 723 826 ὁ]
756 774 843 818 πῶς
868 768 936 814 οὖν
962 771 984 813 ὁ
1013 769 1074 813 H.

207 846 259 890 P.
285 863 382 904 553,
414 863 475 890 ΙΙ,
503 864 566 891 12.
606 847 749 891 habet
789 846 850 891 H.
1060 863 1123 903 13.
1158 844 1354 900 ἀντλίας]
1395 843 1572 891 ἀντλίας
1610 842 1667 887 τὸ

136 925 267 983 μῦρον
297 922 399 978 (Sic)
429 921 492 965 H.
696 941 760 981 19.
787 923 1048 984 ἐβρόντησε]
1080 922 1344 983 ἐβρόντησεν
1369 922 1392 964 ὁ
1420 918 1508 983 ζεύς
1536 919 1598 963 H.

207 998 244 1042 P
283 1014 382 1057 554,
405 1016 471 1057 29.
497 999 619 1060 ἀνὴρ]
653 1000 792 1044 Adde
817 1000 865 1060 ἐξ
888 1000 1055 1060 ἀγορᾶς
1080 1015 1139 1043 ex
1167 998 1228 1042 H.

204 1075 260 1120 P.
288 1081 387 1134 561,
412 1090 452 1134 5.
491 1077 545 1120 In
574 1078 724 1121 verbis
749 1093 808 1122 ex
836 1076 899 1122 H.
940 1078 987 1121 in
1025 1083 1183 1121 annot.
1220 1076 1489 1120 memoratis
1517 1075 1667 1119 codex

137 1168 231 1196 non
259 1153 345 1212 Θείῃ
370 1160 423 1197 ut
449 1153 709 1206 Cramerus,
730 1155 808 1198 sed
832 1155 920 1205 Θειή
946 1154 1044 1197 sine
1070 1153 1165 1196 iota
1185 1152 1458 1210 subscripto.
1601 1168 1666 1208 15.

137 1229 266 1290 ἔσχεν
291 1245 378 1289 ego
404 1229 572 1273 addidi.
783 1235 970 1276 16—22.
996 1230 1172 1274 habent
1198 1228 1319 1273 O.V.
1346 1228 1392 1271 in
1419 1228 1510 1271 fine
1535 1227 1669 1271 scho-

139 1305 305 1350 liorum
341 1305 600 1365 rhapsodias
634 1307 951 1365 praecedentis.
1145 1305 1331 1365 Φόρκυν]
1377 1304 1588 1366 φόρκυνος
1609 1303 1666 1347 Ο.

139 1382 362 1443 Ἀρυμνίῳ]
392 1382 568 1444 ἀρυηνίῳ
587 1383 645 1427 Ο.
666 1399 772 1427 eum
789 1383 849 1428 V.
993 1386 1057 1426 18.
1078 1381 1194 1440 κςῖτα
1215 1381 1425 1426 Barnesii
1442 1380 1667 1425 correctio

139 1465 212 1504 est
238 1475 318 1518 pro
342 1457 473 1512 κάτω,
499 1460 622 1518 quod
651 1466 720 1504 est
745 1460 790 1503 in
819 1459 943 1504 O.V.
999 1459 1120 1503 Cum
1159 1465 1392 1502 structura
1419 1457 1665 1502 verborum

140 1534 275 1592 φανὲν
301 1537 417 1593 αὐτῷ
448 1540 705 1580 καταλιπεῖν
730 1537 1094 1594 comparandum
1122 1535 1245 1593 quod
1279 1535 1326 1578 in
1360 1540 1581 1592 excerpto
1607 1549 1667 1578 ex

139 1611 359 1657 ACUSiIaO
385 1613 556 1673 legitur
574 1630 618 1673 p.
636 1619 734 1672 639,
762 1631 825 1669 14.
847 1613 1007 1674 ἀρέσαν
1027 1614 1171 1661 αὐτοῖς
1194 1616 1330 1656 τοῦτο
1349 1611 1668 1659 καταλιπόντες

139 1687 199 1733 τὰ
240 1689 442 1751 σφέτερα
484 1692 560 1741 ἤθη
603 1690 921 1750 παραγίνονται
965 1696 1053 1735 etc.
1253 1705 1318 1734 20.
1360 1687 1668 1750 προσορμίσας

142 1765 199 1808 O.
225 1772 277 1809 ut
304 1765 485 1809 Buttm.
512 1780 594 1823 pro
619 1768 951 1826 προσορμήσας.

210 1842 262 1885 P.
287 1847 385 1899 564,
412 1859 451 1899 3.
488 1842 746 1900 γυμνασίαν]
790 1842 926 1902 πατρὶ
965 1840 1007 1885 δὲ
1036 1847 1197 1901 τραχεῖ
1225 1841 1292 1884 καὶ
1323 1847 1500 1900 μικροῖς,
1528 1840 1668 1885 verba.

142 1918 244 1963 loco
270 1918 421 1962 alieno
446 1918 586 1971 illata,
613 1919 744 1963 addit
774 1919 836 1962 H.

210 1995 262 2038 P.
287 2000 385 2052 566,
416 2009 605 2052 12—15.
642 1995 688 2038 in
725 2010 872 2038 unum
908 1994 1114 2038 scholion
1150 1994 1399 2052 conjuncta
1430 1993 1569 2037 habet
1604 1992 1667 2037 H.

147 2086 210 2125 14.
238 2069 280 2113 δὲ
306 2091 324 2113 ν
348 2071 396 2114 in
422 2070 486 2113 H.
512 2071 577 2114 ita
601 2071 824 2129 scriptum
851 2075 905 2113 ut
939 2068 982 2113 δὲ
1015 2071 1061 2113 in
1095 2069 1186 2113 fine
1214 2084 1384 2121 versus,
1410 2089 1429 2112 ν
1455 2069 1500 2112 in
1532 2069 1668 2113 initio

142 2147 340 2206 proximi
369 2147 570 2205 positum
597 2147 670 2190 sit.

211 2223 263 2266 P.
287 2227 385 2280 568,
412 2241 452 2280 9.
489 2223 722 2280 τίσασθαι]
766 2222 1040 2268 Zenodotus
1080 2222 1203 2266 haud
1243 2223 1383 2267 dubie
1424 2222 1668 2280 scripserat

141 2297 356 2353 τισάσθω,
374 2300 497 2358 quod
521 2300 852 2344 animadvertit
869 2299 925 2344 G.
946 2299 1236 2343 Ribbeckius
1252 2300 1298 2343 in
1321 2299 1666 2343 Schneidewini

144 2376 313 2421 Philol.
340 2376 429 2421 vol.
457 2381 494 2420 8.
533 2392 576 2435 p.
605 2390 701 2433 705.
738 2377 821 2420 etsi
862 2375 1070 2420 Barnesii
1108 2376 1471 2435 interpolatione
1510 2378 1669 2436 σφεῖας

144 2453 247 2511 (pro
272 2452 433 2513 σφέας)
460 2454 682 2511 deceptus
718 2451 1020 2496 Zenodotum
1057 2451 1157 2499 Ζεὺς
1192 2456 1350 2512 σφεῑας
1384 2450 1563 2496 τισάσΘ’
1589 2453 1669 2495 ἴκε-

143 2532 294 2580 τήσιος
320 2530 551 2588 scripsisse
577 2529 778 2587 conjecit
795 2544 901 2572 cum
923 2529 1132 2572 inaudita
1158 2528 1302 2572 literae
1321 2549 1351 2571 ω
1371 2528 1667 2587 synaloepha.

145 2605 403 2663 scripserat
432 2604 706 2650 zenodotus
742 2603 842 2651 Ζεὺς
873 2604 1015 2664 σφέας
1050 2601 1252 2648 τισάσθω
1283 2605 1669 2664 ἶκετήσιος-ΡῙῸ-

146 2682 336 2726 nomine
361 2681 503 2741 σφέας
527 2680 862 2739 monosyllabo.
1028 2698 1090 2738 ¹3·
1115 2680 1213 2742 περὶ
1239 2680 1316 2731 τὴν
1341 2680 1537 2738 ἀγωγὴν]
1569 2699 1666 2741 περι

293 2756 469 2814 ἀγωγὴν
488 2755 551 2799 Η.
570 2771 674 2799 cum
696 2771 777 2800 sex
799 2756 982 2800 circiter
1002 2756 1241 2800 literarum
1262 2757 1411 2814 spatio
1430 2763 1533 2815 post
1553 2775 1668 2815 περι,

147 2832 268 2890 quod
296 2833 396 2876 sine
421 2839 615 2876 accentu
642 2832 880 2890 scriptum.
1063 2849 1126 2887 14.
1152 2831 1173 2883 ’ἦ
1201 2833 1268 2887 ὡς]
1301 2831 1323 2884 3¹7
1348 2833 1399 2879 ὡς
1422 2831 1592 2884 μέλλων
1618 2832 1668 2878 ὡς

149 2906 211 2952 Η.
385 2913 450 2952 26.
492 2906 598 2952 Hoc
634 2907 842 2952 scholion
880 2909 943 2952 sic
980 2909 1305 2969 corrigendum
1348 2924 1405 2952 ex
1439 2907 1500 2950 H.
1537 2906 1606 2951 ὅτι
1643 2907 1666 2949 ὁ
