1907 3270
199 115 295 159 lviii
759 111 917 157 PRAE
928 109 1019 157 FA
1030 110 1103 156 TI
1114 111 1171 156 O.

199 231 250 278 ὡς
273 230 531 290 ὑπόσκαφος
558 228 619 272 H.
840 234 905 274 26.
931 228 1200 289 ὑπέρβατον]
1232 223 1483 288 ὑπερβατὸν
1507 225 1583 269 hic
1608 238 1721 283 quo-

199 322 290 365 que
314 312 440 351 recto
468 306 592 350 H.O.

266 381 317 426 P.
336 386 435 439 478,
458 386 519 427 18.
559 383 614 426 In
651 384 743 426 fine
774 382 912 441 hujus
948 381 1202 440 rhapsodiae
1239 395 1398 439 margo
1432 377 1494 422 H.
1531 378 1659 425 τέλος
1696 397 1719 421 κ

198 457 431 506 ὀδυσσείας.
458 459 609 520 στίχοι
637 458 753 519 φξβ.
875 475 941 504 21.
967 456 1265 518 Argumenta
1289 472 1379 500 om.
1410 454 1472 500 H.
1523 454 1721 500 Utrum-

198 550 288 594 que
313 535 454 579 habet
479 534 552 589 0.,
580 536 659 579 sed
684 536 845 579 ordine
870 535 1064 579 inverse.

264 608 316 654 Ρ.
337 624 436 668 479,
459 625 522 667 15.
561 608 811 671 Κερβερίων
843 614 969 654 recte
1005 610 1051 653 in
1089 608 1145 654 Ο.
1370 613 1433 651 16.
1471 605 1605 663 δύσιν]
1643 606 1720 658 τὴν

198 686 314 731 δύσιν
340 686 396 731 s).

268 763 434 818 P.480‚
455 777 491 820 7.
530 763 586 807 In
623 761 681 808 Ο.
718 762 944 824 οὐρανόθεν
980 759 1320 823 προτράπηταιζ
1359 760 1425 805 διὰ
1458 761 1618 806 τούτου
1640 763 1721 804 τοῦ

197 839 510 904 προτράπηται
538 838 651 883 δοκεῖ
674 845 763 885 etc.
902 858 940 897 9.
966 839 1202 895 ἀνατολὴν]
1233 836 1451 886 ἀνατολὰς
1470 837 1528 883 Ο.
1656 853 1718 881 10.

198 916 288 980 ’γὰρ
313 917 409 961 ἀντὶ
434 920 514 961 τοῦ
538 932 630 960 0111.
657 914 710 960 Ο.

265 992 317 1039 Ρ.
336 997 434 1049 481,
456 999 495 1038 6.
522 991 630 1055 πρὸς
654 992 1050 1053 ἀνακεφαλαίωσιν]
1083 989 1584 1053 προσανακεφαλαίωσιν
1609 986 1664 1033 Ο.

265 1069 317 1113 Ρ.
338 1074 436 1125 484,
465 1085 531 1127 27.
557 1068 663 1131 ἄρα]
694 1067 744 1112 ἄν
769 1067 823 1114 Ο.

267 1146 318 1191 Ρ.
338 1151 438 1204 485,
459 1150 522 1191 18.
548 1146 623 1198 ἕτη
649 1145 752 1201 ὅλα]
785 1145 869 1189 ὅλα
894 1145 969 1197 ἔτη
996 1143 1050 1189 Ο.

264 1222 316 1268 Ρ.
336 1227 434 1279 486,
456 1228 519 1266 16.
545 1221 650 1284 γὰρ]
683 1221 726 1265 δὲ
750 1220 806 1266 Ο.
956 1225 1019 1266 18.
1045 1220 1067 1272 ἦ
1092 1219 1513 1282 ἐρίβινθοι-φέρων
1538 1233 1628 1263 om.
1656 1217 1718 1261 H.

202 1317 266 1358 19.
291 1300 506 1360 κίνητρον]
537 1299 731 1359 κίνηθρον
757 1296 811 1342 O.

264 1375 317 1421 P.
352 1380 449 1434 489,
487 1393 551 1434 23.
601 1374 788 1438 ζητούσῃ
832 1374 1041 1419 Barnesii
1091 1374 1359 1418 emendatio
1406 1378 1477 1417 est
1519 1388 1600 1431 pro
1648 1369 1721 1434 ζη-

196 1473 359 1499 τουσιν.

266 1531 319 1574 P.
345 1544 443 1587 495‚
472 1547 507 1576 2.
535 1547 575 1588 3.
601 1547 640 1584 4.
675 1525 1401 1589 ’Ηλεκτρύωνος--’Ηλεκτρύωνα]
1443 1526 1720 1587 ἠλεκτρυόνος

197 1613 246 1652 et
270 1605 530 1668 ἡλεκτρυόιά
556 1604 609 1650 Ο.
770 1622 808 1662 9.
836 1604 1095 1660 Τηλεβοῶν]
1126 1603 1352 1660 τηλεβόων
1378 1602 1495 1649 O.V.
1655 1620 1719 1648 11.

197 1683 415 1745 ἀριστεῖα]
449 1682 668 1744 ἀριστεῖον
694 1681 747 1727 O.
943 1699 1009 1740 13.
1036 1680 1281 1732 Ἀλκμήνην
1307 1680 1569 1740 typothetae
1595 1694 1722 1723 error

196 1777 279 1821 pro
304 1759 545 1812 Ἀλκμήνη.
752 1774 816 1816 17.
843 1758 964 1803 Dele
990 1764 1219 1818 punctum
1245 1764 1350 1816 post
1374 1756 1606 1811 βασιλέως.

263 1836 316 1883 Ρ.
336 1842 435 1895 496,
458 1853 520 1892 14.
546 1836 895 1895 ὑπερασπιστὴν]
929 1835 1129 1878 ἀπιστεῖν
1155 1832 1275 1879 O.V.
1304 1834 1416 1891 (non
1441 1833 1698 1891 ἆσπιστήν).

265 1913 318 1958 P.
337 1928 437 1972 497,
460 1928 525 1970 25.
569 1913 625 1957 In
670 1912 733 1954 H.
771 1927 909 1971 super
944 1910 1146 1972 Χρόμιον
1183 1912 1408 1969 seriptum
1446 1909 1722 1971 ἁρίσταρχος

197 1987 413 2052 χροάσιον
438 1992 459 2040 ἡ
485 1991 696 2040 συνήθεια.

264 2064 316 2110 Ρ.
354 2069 453 2123 498,
491 2068 642 2123 5.—8.
694 2063 852 2108 Habet
897 2063 958 2107 H.
1168 2079 1231 2120 19.
1270 2060 1455 2121 ”ΟΘρυν]
1509 2060 1720 2105 Barnesii

198 2143 575 2188 emendationem
601 2141 845 2185 confirmat
869 2137 941 2192 O.‚
967 2139 1055 2183 nisi
1081 2139 1203 2197 quod
1230 2138 1344 2182 falso
1370 2143 1567 2182 accentu
1590 2135 1718 2198 όθρὺν

197 2219 354 2264 habet.

264 2296 318 2340 P.
343 2313 440 2353 499,
472 2313 536 2341 12.
576 2295 623 2355 ἐξ
662 2292 860 2341 ἀπαιδίας
898 2292 1087 2354 σπορᾶς]
1137 2290 1228 2335 Pro
1266 2291 1313 2351 ἐξ
1348 2291 1392 2333 iu
1432 2287 1487 2333 Ο.
1523 2295 1594 2333 est
1629 2294 1718 2340 τῆς.

199 2372 506 2418 scribendum
532 2372 677 2431 igitur
699 2375 774 2422 τῆς
798 2368 1010 2422 ἀπαιδίας,
1037 2367 1193 2412 deleto
1220 2368 1405 2428 σπορᾶς.
1549 2364 1713 2426 διῶξαι]

198 2447 277 2494 Sic
303 2446 372 2499 O..
399 2455 451 2492 ut
476 2448 692 2493 Struvius
719 2462 799 2505 pro
825 2444 976 2506 διώξας
1001 2449 1279 2489 correxerat.
1494 2458 1556 2497 19.
1583 2439 1627 2484 δὲ
1651 2441 1720 2484 αὑ-

197 2528 279 2583 τῷ]
312 2525 473 2570 Scribe
500 2523 587 2585 γὰρ
613 2524 727 2581 αὐτῷ
755 2539 812 2567 ex
838 2520 892 2567 O.
1137 2537 1204 2566 20.
1230 2519 1348 2564 Cum
1376 2515 1482 2562 MS.
1510 2517 1719 2562 Barnesii

199 2603 432 2646 consentit
458 2599 511 2645 O.
798 2615 863 2656 27.
891 2600 932 2642 ἐκ
957 2595 1406 2650 Φυλάκης-πόλεως]
1441 2593 1555 2638 Haee
1581 2593 1721 2637 Verba

199 2693 290 2722 om.
328 2676 463 2729 O.V.‚
502 2677 644 2721 habet
688 2675 750 2721 H.
799 2690 937 2734 supra
984 2688 1181 2718 versum.
1258 2671 1508 2730 Reliquam
1557 2669 1719 2714 scholii

198 2760 379 2812 partem
407 2752 553 2813 (Τυρώ
579 2752 818 2803 ἧλθε--καῖ
860 2749 1131 2812 Ποδάρκους)
1170 2765 1261 2793 om.
1302 2747 1377 2800 H..
1414 2747 1492 2806 qui
1529 2747 1719 2791 brevem

199 2835 382 2874 tantum
411 2830 765 2873 annotationem
796 2830 843 2872 in
873 2829 1083 2888 margine
1109 2843 1149 2869 v.
1174 2842 1268 2883 290.
1300 2825 1454 2876 habet,
1481 2826 1605 2874 ἤθελε
1630 2820 1718 2882 γὰρ

200 2906 327 2957 αὐτὴν
352 2907 591 2964 ’γαμηθῆναι
620 2905 791 2949 Βίαντι.

268 2982 319 3025 Ρ.
340 2996 436 3039 500.
464 2986 501 3024 8.
530 2980 756 3026 Deleatur
779 2982 1019 3026 annotatio
1045 2980 1101 3024 ad
1127 2979 1205 3023 lin.
1234 2983 1274 3022 8.
1328 2976 1453 3022 Nam
1479 2977 1502 3020 ὁ
1530 2976 1716 3037 ι’φικλῆς,
