1917 3183
237 96 281 138 iv
792 88 1198 133 PRAEFATIO.

237 214 485 263 1131111111·ἰῆ,
514 218 670 256 tamen
708 210 929 254 adhibitis
963 225 1064 267 quae
1095 209 1167 252 vel
1199 209 1258 253 ab
1294 209 1394 253 aliis
1430 215 1590 268 parata
1625 217 1756 255 erant

238 291 309 333 vel
353 304 379 332 a
420 303 496 331 me
537 287 686 345 primo
728 285 868 330 allata
909 292 1017 329 sunt
1063 285 1285 329 librorum
1334 287 1754 345 manuscriptorum

237 363 457 422 praesidiis
482 362 692 420 plurima,
718 377 818 419 quae
844 362 890 405 in
917 361 1143 420 prioribus
1167 360 1446 406 scholiorum
1473 362 1756 407 editionibus

237 439 307 483 vel
338 453 501 482 manca
524 437 597 481 vel
623 444 838 496 corrupta
863 437 1146 489 ferebantur,
1171 438 1217 480 in
1242 437 1476 497 integrum
1511 439 1756 483 restituere

235 515 380 559 licuit.
452 513 661 567 Quorum
690 513 910 561 librorum
939 514 1082 558 index
1107 514 1182 558 hio
1207 521 1293 558 est.

304 591 375 634 M.
398 590 612 636 Venetus
638 589 943 635 Bibliothecae
970 589 1222 634 Marcianae
1255 591 1346 650 613
1380 590 1649 636 chartaceus
1685 606 1755 636 se-

234 666 325 711 culi
349 667 514 711 decimi
543 667 683 719 tertii,
705 666 960 726 Odyssean]
987 682 1092 711 cum
1119 666 1304 710 scholiis
1324 673 1371 710 et
1392 667 1756 727 Batrachomyo-

234 743 463 787 machiam
503 743 775 802 complexus
812 743 933 788 foliis
966 743 1073 804 296.
1101 743 1258 786 formae
1290 744 1537 801 quadratae,
1563 759 1589 788 a
1613 742 1666 788 C.
1694 743 1753 789 G.

235 819 415 864 Cobeto
451 835 506 864 ea
541 819 738 864 collatus
774 819 1020 880 diligentia
1055 826 1104 864 et
1140 819 1305 878 peritia
1335 835 1435 878 quae
1467 835 1494 864 a
1526 821 1624 864 viro
1660 835 1753 865 non

234 895 383 940 solum
427 895 586 941 Graece
628 897 910 949 doctissimO,
952 896 1031 940 sed
1076 896 1217 940 etiam
1268 895 1477 955 legendis
1518 897 1755 942 codicibus

234 972 620 1016 exercitatissimo
649 972 909 1030 exspectari
943 977 1141 1031 poterat.
1213 970 1297 1014 Est
1322 976 1479 1014 autem
1505 970 1579 1014 hic
1605 971 1754 1016 codex

233 1047 443 1091 omnium
468 1047 546 1105 qui
580 1047 732 1092 adhuc
765 1048 1029 1107 investigati
1064 1053 1173 1091 sunt
1197 1047 1525 1106 integerrimus
1550 1047 1594 1090 in
1620 1047 1752 1091 scho-

232 1123 304 1167 liis
328 1124 385 1167 ad
412 1123 552 1168 libros
578 1123 799 1184 Odysseae
823 1132 1044 1183 quattuor
1067 1125 1265 1183 primos:
1306 1139 1397 1183 quo
1422 1124 1569 1184 magis
1588 1124 1756 1183 'dolen-

233 1199 345 1243 dum
371 1206 442 1244 est
467 1200 641 1245 scholia
666 1206 826 1246 vetera
851 1207 1034 1245 tantum
1060 1216 1151 1246 11011
1178 1200 1314 1260 plane
1340 1200 1538 1245 deficere
1568 1201 1615 1244 in
1648 1201 1755 1246 reli-

233 1276 334 1334 quis
363 1276 631 1335 rhapsodiis‚
658 1292 924 1336 quanquam
958 1279 1001 1321 111
1038 1277 1110 1321 his
1135 1292 1321 1336 quoque
1354 1277 1643 1321 brevioribus
1674 1292 1755 1321 an-

231 1353 550 1397 notationibus
575 1354 906 1412 scripturaeque
927 1355 1207 1405 diversitate,
1225 1369 1325 1412 quae
1345 1353 1416 1397 vel
1440 1368 1578 1412 supra
1597 1368 1754 1399 versus

231 1428 304 1473 vel
338 1429 384 1472 in
421 1431 628 1489 margine
665 1436 735 1474 est
771 1436 1004 1482 annotata,
1036 1430 1186 1475 multa
1217 1437 1326 1475 sunt
1352 1430 1519 1489 quibus
1554 1430 1752 1475 aliorum

231 1505 442 1549 codicum
471 1507 739 1550 notationes
765 1506 836 1551 vel
863 1507 1029 1566 corrigi
1056 1506 1126 1550 vel
1153 1506 1372 1565 explicari
1400 1507 1656 1565 potuerint.

298 1581 364 1626 H.
387 1581 670 1627 Harleianus
705 1582 862 1628 Musei
898 1582 1157 1627 Britannici
1191 1583 1333 1642 5674.
1370 1582 1753 1628 membranaceus

231 1658 376 1702 seculi
407 1659 577 1703 decimi
606 1659 749 1712 tertii,
776 1659 934 1703 formae
969 1660 1167 1718 majoris,
1201 1659 1350 1703 nitide
1386 1659 1596 1717 scriptus.
1668 1657 1754 1703 So-

229 1735 323 1778 lam
362 1735 572 1778 continet
609 1733 866 1793 Odyssean]
907 1750 1012 1779 cum
1055 1733 1253 1779 scholiis.
1323 1732 1528 1778 Textum
1566 1748 1753 1778 accura-

230 1810 406 1855 tissime
440 1810 640 1855 contulit
667 1810 899 1856 Porsonus
935 1812 982 1855 in
1016 1826 1151 1855 usum
1185 1811 1401 1854 editionis
1428 1808 1624 1854 Homeri
1651 1825 1753 1868 quae

231 1886 405 1930 Oxonii
448 1887 619 1945 prodiit
662 1902 687 1930 e
728 1886 1064 1946 Typographeo
1103 1886 1477 1930 Clarendoniano
1512 1901 1552 1929 a.
1584 1885 1752 1931 1800.:

284 1999 303 2018 ὃ
332 1993 376 2028 111
407 1994 640 2029 Bibliotheca
670 1994 851 2029 Beruensi
885 1994 1078 2041 catalogus
1110 1998 1232 2028 exstat
1265 1991 1398 2027 Graece
1434 1992 1593 2039 scriptus
1627 1993 1753 2029 seculo

231 2057 361 2104 quinto
392 2058 536 2094 decimo
565 2058 743 2093 librorum
772 2057 889 2093 MSS.
912 2071 932 2093 a
952 2057 1201 2097 Boistallerio,
1225 2057 1419 2092 Gallorum
1450 2057 1549 2104 regis
1579 2057 1625 2092 ad
1654 2069 1751 2093 rem-

230 2121 417 2169 publicam
438 2122 673 2157 Venetorum
699 2122 838 2169 legatO,
861 2122 1114 2164 collectorum,
1138 2134 1246 2168 quem
1270 2121 1314 2157 C.
1339 2121 1382 2156 G.
1407 2121 1612 2156 Muellerus
1637 2122 1753 2157 edidit

228 2186 266 2221 in
289 2186 478 2222 Analectis
500 2186 752 2222 Bernensibus
774 2186 872 2221 Part.
897 2186 926 2221 I.
952 2187 1083 2221 Bernae
1104 2199 1135 2221 a.
1158 2185 1269 2234 1839.
1328 2185 1384 2220 Eo
1411 2186 1446 2220 111
1472 2186 1644 2233 catalogo
1667 2187 1752 2232 (sub

229 2262 285 2286 nr.
301 2253 383 2297 52.)
402 2256 631 2286 memoratur
645 2251 873 2297 Ἀριστάρχου
894 2252 946 2285 καὶ
964 2251 1080 2285 ἄλλων
1093 2254 1190 2285 τινῶν
1203 2251 1353 2296 ἑρμηνεία
1374 2251 1420 2286 εἷς
1433 2250 1750 2295 Ὀδύσσειαν“ομἡ-

226 2330 301 2360 pov,
319 2327 364 2350 ex
382 2328 454 2362 quo
470 2315 678 2351 Muellerus
699 2314 851 2362 collegit
870 2315 1058 2350 exstitisse
1079 2315 1140 2350 illo
1162 2320 1330 2361 tempore
1346 2314 1553 2350 Aristarchi
1575 2315 1612 2349 in
1626 2314 1749 2363 Odys-

229 2391 333 2415 seam
364 2379 666 2415 commentarios.
731 2378 806 2414 Sed
838 2378 1074 2414 manifestum
1106 2385 1162 2414 est
1192 2378 1284 2414 nihil
1318 2391 1398 2414 esse
1429 2378 1667 2414 tribuendum
1700 2379 1751 2414 illi

228 2445 474 2492 inscriptioni,
497 2458 607 2492 quam
629 2451 668 2480 ut
688 2445 843 2480 aliorum
868 2444 1037 2479 codicum
1063 2443 1322 2490 inscriptiones
1343 2443 1450 2478 tinxit
1472 2442 1630 2489 scriptor
1650 2448 1748 2478 cata-

228 2510 319 2558 logi,
351 2511 412 2557 qui
444 2510 543 2546 haud
574 2510 684 2545 dubie
716 2509 866 2545 natione
897 2509 1052 2544 Graecus
1081 2509 1163 2550 fuit,
1194 2521 1269 2544 11011
1305 2508 1375 2543 alio
1407 2513 1630 2556 argumento
1663 2520 1751 2544 usus

230 2588 340 2622 quam
363 2576 461 2623 quod
481 2575 687 2610 Aristarchi
712 2586 849 2609 nomen
871 2586 946 2621 prae
967 2574 1099 2609 ceteris
1120 2574 1258 2609 clarum
1281 2586 1361 2608 esse
1382 2579 1509 2608 nosset
1530 2579 1567 2608 et
1587 2585 1684 2620 saepe
1704 2573 1750 2609 ab

231 2640 439 2675 scholiastis
469 2646 716 2675 memoratum
738 2639 893 2674 videret.
948 2638 1125 2674 Ceterum
1151 2638 1407 2673 Boistallerius
1438 2637 1535 2673 idem
1563 2642 1618 2673 est
1646 2638 1750 2685 cujus

231 2703 378 2739 codices
398 2716 474 2739 non
496 2704 602 2751 pauci
622 2703 658 2738 in
680 2703 951 2738 Bibliothecam
971 2703 1173 2738 Parisinam
1195 2702 1364 2737 translati
1385 2708 1484 2742 sunt,
1502 2702 1563 2748 qui
1584 2702 1619 2736 in
1637 2702 1748 2738 Cata-

230 2768 318 2814 logo
343 2768 523 2815 impresso
546 2767 788 2803 Bibliothecae
811 2767 939 2815 Regiae
964 2767 1231 2803 Boistalleriani
1253 2767 1497 2814 appellantur.
1559 2766 1660 2801 Inter
1681 2766 1749 2801 hos

233 2831 411 2878 Odysseae
430 2844 574 2879 quoque
596 2832 713 2867 codex
735 2838 789 2866 est
812 2844 894 2866 cum
917 2831 1078 2871 scholiis,
1098 2843 1194 2866 nunc
1217 2843 1371 2866 numero
1392 2835 1541 2865 notatus
1562 2840 1688 2874 2403„
1705 2829 1749 2864 dc

234 2908 304 2941 quo
327 2895 420 2930 infra
441 2895 603 2930 dicemus
625 2908 659 2941 p.
680 2895 754 2929 xiii.
