1907 3270
673 125 1075 172 PRAEFATIO.
1531 128 1636 173 lxxi

111 235 246 297 ρικός)
267 254 312 296 γ,
331 235 401 293 4.”
517 236 571 283 P.
598 241 693 296 805.
721 239 806 283 col.
832 256 867 283 1.
893 254 927 284 s.
948 255 988 284 v.
1017 238 1234 302 Πίνδαρος
1258 242 1378 286 adde
1405 248 1429 266 “
1445 260 1486 294 α,
1512 242 1636 300 327.'’

114 313 238 371 quod
261 313 469 358 scholion
493 329 521 359 a
545 313 766 359 Cramero
798 315 1068 376 neglectum
1103 332 1190 377 ego
1222 318 1424 376 primum
1461 319 1584 363 edidi
1611 334 1637 363 e

114 389 273 433 codice
310 388 578 436 Harleiano.
688 391 807 436 Ibid.
833 406 866 435 s.
887 407 928 434 V.
956 390 1242 453 Π()ρ(1)ύριος1
1265 394 1384 439 adde
1416 394 1541 439 locos
1576 410 1635 440 ex

112 466 272 510 codice
309 465 518 512 Parisino
555 466 614 511 D.
643 482 781 526 supra
815 474 1099 513 memoratos
1135 469 1181 512 in
1215 468 1460 515 Addendis
1495 471 1552 515 ad
1591 487 1634 530 p.

110 554 180 598 45.
213 545 282 596 48.
319 556 384 599 73.
413 546 479 587 80.
520 557 613 600 125.
645 546 735 587 128.
764 559 859 601 132.
893 549 984 601 183.
1019 559 1113 601 235.
1145 549 1242 602 363.
1275 562 1373 599 402.
1406 563 1505 602 404.
1535 551 1634 602 408.

111 615 187 661 Ex
212 618 423 676 ejusdem
449 618 692 679 Porphyrii
715 618 1061 672 Quaestionibus
1083 618 1348 666 Homericis
1373 622 1464 666 alia
1486 622 1634 681 plura,

110 708 212 752 quae
243 710 368 739 nunc
401 696 500 740 sine
534 696 724 739 nomine
761 696 910 754 posita
946 695 1168 755 leguntur
1196 697 1243 740 in
1276 697 1460 741 scholiis
1485 699 1635 758 Odys-

109 783 214 822 seae,
262 778 483 830 excerpta
529 787 628 817 esse
677 772 854 816 nemini
911 771 1158 816 obscurum
1210 787 1310 817 esse
1354 779 1507 832 potest
1554 776 1632 833 qui

110 847 259 905 operis
282 847 406 892 illius
432 849 660 893 rationem
680 849 916 908 cognitam
940 848 1125 901 habeat,
1146 864 1286 907 quam
1308 848 1366 894 G.
1390 848 1453 894 H.
1471 850 1635 895 Noeh-

110 922 273 968 denius
304 925 580 969 adumbrare
618 925 760 983 coepit
797 925 844 968 in
885 924 1296 970 Commentatione
1333 926 1390 970 de
1425 925 1634 987 Porphy-

107 999 163 1042 rii
199 1000 383 1045 scholiis
415 1001 461 1044 in
489 999 767 1053 Homerum,
795 1000 1039 1060 Gottingae
1071 1001 1199 1045 edita
1222 1017 1262 1046 a.
1285 1015 1418 1059 1797:
1457 1003 1514 1046 de
1539 1019 1632 1061 quo

107 1075 183 1120 hic
218 1076 266 1119 in
304 1077 571 1121 universum
608 1077 842 1121 monuisse
871 1077 981 1121 satis
1014 1077 1177 1121 habeo.
1253 1076 1386 1122 Idem
1421 1079 1478 1123 de
1511 1080 1631 1123 anti-

108 1151 346 1211 quioribus
396 1153 711 1212 grammaticis
758 1152 1024 1204 dicendum,
1073 1151 1357 1207 Aristonico,
1407 1152 1633 1214 Didymo,

109 1227 396 1281 Herodiano,
434 1228 684 1280 Nicanore,
722 1243 919 1286 quorum
962 1229 1288 1273 annotationes
1329 1229 1502 1275 multas
1544 1233 1632 1276 etsi

106 1319 200 1349 non
236 1304 425 1349 difficile
460 1310 531 1348 est
566 1305 613 1348 in
651 1304 835 1348 scholiis
873 1304 1092 1363 Odysseae
1129 1306 1429 1362 quantumvis
1465 1306 1629 1351 decur-

106 1381 216 1425 tatis
247 1381 533 1441 dignoscere,
558 1386 717 1425 tamen
751 1381 810 1424 de
838 1380 1031 1440 singulis
1063 1381 1325 1440 quibusque
1360 1382 1472 1428 locis
1502 1383 1631 1428 nolui

106 1459 424 1518 conjecturam
474 1459 626 1502 facere
680 1459 728 1501 in
775 1473 830 1502 ea
875 1473 981 1516 quae
1035 1458 1174 1503 hodie
1221 1466 1292 1504 est
1347 1460 1628 1506 scholiorum

104 1537 151 1580 in
190 1537 448 1596 Odysseam
490 1535 758 1579 conditione
793 1550 914 1594 saepe
950 1535 1088 1579 nimis
1123 1536 1349 1580 incertam
1388 1552 1473 1581 nec
1509 1538 1631 1582 mul-

104 1617 208 1656 tum
231 1611 540 1670 profuturam.
610 1607 879 1662 Aristonici,
906 1610 983 1668 qui
1009 1609 1269 1655 Aristarchi
1303 1617 1518 1656 notarum
1544 1613 1631 1657 cri-

104 1688 304 1732 ticarum
339 1687 543 1731 rationes
577 1687 794 1743 exposuit
828 1686 875 1729 in
909 1686 1027 1729 libro
1060 1686 1158 1746 περὶ
1190 1687 1382 1740 σημείων,
1409 1694 1456 1732 et
1488 1688 1631 1733 Nica-

105 1765 241 1816 noris,
280 1764 356 1822 qui
399 1762 496 1823 περὶ
534 1765 724 1819 στιγμῆς
759 1766 834 1812 τῆς
869 1763 972 1821 παρ’
994 1761 1173 1822 Ὁμήρῳ
1209 1764 1403 1821 scripsit,
1441 1766 1630 1809 nomina

106 1840 274 1899 passim
300 1844 481 1883 servata
503 1839 550 1882 in
576 1837 761 1882 scholiis
786 1837 946 1881 Iliadis
971 1838 1234 1896 codicisque
1261 1838 1492 1884 Marciani
1523 1841 1630 1885 sub-

105 1915 434 1975 scriptionibus
468 1915 605 1973 plane
641 1919 932 1959 evanuerunt
962 1929 1021 1958 ex
1059 1914 1244 1958 scholiis
1278 1916 1325 1958 in
1356 1916 1629 1975 Odysseam,

105 1994 154 2037 in
178 1992 346 2051 quibus
369 2007 428 2036 ne
453 1990 525 2035 ὅτι
551 1991 741 2049 quidem
766 1989 1006 2049 particula,
1026 1989 1083 2034 ab
1104 2006 1194 2049 qua
1218 1989 1474 2036 Aristonici
1500 1993 1631 2038 scho-

105 2069 168 2113 lia
190 2068 412 2128 pleraque
438 2067 486 2111 in
513 2065 710 2111 Iliadem
736 2066 981 2125 incipiunt,
1008 2072 1315 2125 praeterquam
1348 2069 1506 2126 paucis
1531 2070 1632 2128 qui-

105 2145 302 2190 busdam
322 2145 372 2188 in
390 2143 542 2188 locism
563 2149 634 2188 est
658 2142 832 2187 relicta.
871 2142 1061 2202 Didymi
1076 2149 1094 2168 ¹¹
1120 2158 1293 2187 nomen
1314 2145 1560 2203 quinquies
1584 2146 1631 2190 in

160 2272 170 2299 ¹
200 2273 354 2309 Nomen
385 2272 587 2320 Porphyrii
604 2271 767 2307 *scholiis
795 2271 833 2306 in
855 2272 900 2306 D.
928 2270 1080 2318 aliisque
1112 2271 1301 2306 codicibus
1334 2271 1551 2319 plerumque
1582 2273 1632 2307 ita

105 2338 363 2386 praescriptum
384 2343 425 2372 ut
446 2337 527 2372 duae
548 2336 688 2371 ultimae
714 2335 863 2383 syllabae
894 2341 984 2370 nota
1009 2335 1303 2383 tachygraphica
1331 2348 1516 2383 expressae
1544 2336 1630 2378 sint,

106 2415 186 2450 quae
206 2401 319 2437 modo
345 2400 542 2447 Πορφύριος
561 2399 674 2435 modo
695 2401 895 2445 Πορφυρίου
916 2398 1115 2446 significat.
1175 2398 1237 2434 Sic
1258 2399 1456 2446 Πορφύριος
1475 2400 1571 2436 clare
1596 2406 1633 2436 et

106 2468 184 2502 sine
213 2464 435 2512 compendio
455 2465 492 2499 in
513 2464 560 2499 D.
581 2464 776 2511 praefixum
807 2463 949 2498 scholio
968 2475 1004 2510 p.
1029 2474 1116 2508 132,
1140 2474 1184 2509 31
1208 2478 1214 2497 τ
1249 2463 1314 2498 sed
1334 2465 1535 2509 Πορφυρίου
1556 2477 1631 2500 non

105 2530 228 2566 minus
249 2529 346 2564 clare
366 2528 508 2564 scholio
528 2527 620 2563 alius
640 2539 772 2562 manus
792 2539 826 2573 p.
853 2535 940 2574 235,
960 2537 1022 2572 27.

161 2601 192 2620 m
215 2593 262 2627 V.
284 2592 451 2628 Indicem
471 2604 508 2638 p.
528 2591 615 2639 833.
639 2603 668 2626 s.
687 2603 721 2625 v.
743 2590 807 2631 ὅτι,
830 2589 893 2625 ubi
921 2602 1098 2625 numerus
1128 2590 1275 2638 paginae
1300 2602 1386 2638 252.
1409 2597 1574 2627 mutetur
1594 2592 1631 2626 in

108 2657 197 2705 258.
220 2662 258 2692 et
279 2656 465 2692 addantur
494 2666 579 2701 124,
603 2665 664 2690 22.
701 2654 789 2700 146,
815 2665 875 2698 24.
903 2654 991 2696 161,
1015 2666 1051 2689 2.
1074 2665 1165 2699 401,
1188 2666 1224 2701 3.
1256 2655 1345 2701 565,
1375 2654 1430 2690 18.
1453 2655 1543 2703 568,
1568 2656 1629 2691 26.

107 2720 197 2757 Solo
217 2720 357 2756 librarii
377 2731 502 2755 errore
528 2719 580 2753 ὅτι
600 2718 783 2754 excidisse
806 2718 953 2754 videtur
982 2731 1016 2765 p.
1038 2728 1124 2765 251,
1148 2728 1208 2766 27.
1239 2724 1325 2754 ante
1354 2719 1468 2754 verba
1488 2721 1632 2755 εὐτελεῖς

106 2785 187 2819 κατὰ
207 2785 266 2829 τὴν
285 2783 445 2818 σύνθεσιν
464 2784 517 2817 καὶ
535 2783 593 2826 τὴν
614 2782 758 2817 διάνοιαν
777 2784 808 2816 οἱ
834 2783 962 2828 στίχοι.
994 2782 1307 2828 quemadmodum
1339 2782 1390 2816 ὅτι
1419 2782 1456 2817 in
1486 2782 1565 2817 aliis
1587 2783 1629 2816 11-

105 2848 182 2883 bris
202 2848 380 2883 omissum
401 2858 445 2882 ex
466 2845 522 2882 M.
543 2844 666 2880 addidi
690 2857 724 2892 p.
746 2855 831 2890 123,
859 2856 917 2892 15.
940 2849 977 2879 et
998 2855 1044 2878 ex
1068 2842 1118 2878 H.
1141 2843 1353 2878 addendum
1375 2855 1456 2878 csse
1486 2856 1521 2889 p.
1547 2852 1629 2889 157,

108 2922 170 2946 22.
200 2911 284 2956 184,
308 2910 344 2946 8.
367 2922 478 2957 supra
497 2909 639 2944 monui.

162 2982 181 3001 ¹¹
209 2976 392 3023 Didymus
413 2976 447 3010 ἐν
467 2976 674 3021 ἐπιμερισμῷ
695 2977 754 3008 τοῦ
776 2980 797 2992 “
811 2975 905 3018 μῆνιν
922 2973 1008 3008 ἄειδε
1031 2972 1114 3007 θεά’“
1133 2972 1267 3007 citatur
1286 2972 1331 3006 ab
1352 2971 1467 3006 schol.
1491 2983 1526 3017 p.
1545 2982 1633 3018 237,
